yes_price,yes_bid,yes_ask,no_bid,no_ask,volume,open_interest,ts,Ticker,,
0,0,99,1,100,0,0,1686262687,USDJPY-23JUN0910-T139.499,,
0,1,99,1,99,0,0,1686262687,USDJPY-23JUN0910-T139.499,,
0,1,9,91,99,0,0,1686262687,USDJPY-23JUN0910-T139.499,,
0,1,8,92,99,0,0,1686262687,USDJPY-23JUN0910-T139.499,,
0,1,7,93,99,0,0,1686262687,USDJPY-23JUN0910-T139.499,,
0,0,99,1,100,0,0,1686262700,USDJPY-23JUN0910-T139.499,,
0,0,100,0,100,0,0,1686262700,USDJPY-23JUN0910-T139.499,,
0,1,100,0,99,0,0,1686262721,USDJPY-23JUN0910-T139.499,,
0,1,9,91,99,0,0,1686262721,USDJPY-23JUN0910-T139.499,,
0,1,8,92,99,0,0,1686262721,USDJPY-23JUN0910-T139.499,,
0,1,7,93,99,0,0,1686262721,USDJPY-23JUN0910-T139.499,,
0,1,6,94,99,0,0,1686262730,USDJPY-23JUN0910-T139.499,,
0,1,100,0,99,0,0,1686262747,USDJPY-23JUN0910-T139.499,,
0,1,7,93,99,0,0,1686262747,USDJPY-23JUN0910-T139.499,,
0,0,99,1,100,0,0,1686262760,USDJPY-23JUN0910-T139.499,,
0,0,100,0,100,0,0,1686262760,USDJPY-23JUN0910-T139.499,,
0,0,99,1,100,0,0,1686262766,USDJPY-23JUN0910-T139.499,,
0,0,100,0,100,0,0,1686262766,USDJPY-23JUN0910-T139.499,,
0,1,99,1,99,0,0,1686262766,USDJPY-23JUN0910-T139.499,,
0,1,6,94,99,0,0,1686262766,USDJPY-23JUN0910-T139.499,,
0,0,6,94,100,0,0,1686262775,USDJPY-23JUN0910-T139.499,,
0,0,7,93,100,0,0,1686262775,USDJPY-23JUN0910-T139.499,,
0,0,8,92,100,0,0,1686262775,USDJPY-23JUN0910-T139.499,,
0,0,100,0,100,0,0,1686262775,USDJPY-23JUN0910-T139.499,,
0,0,99,1,100,0,0,1686262775,USDJPY-23JUN0910-T139.499,,
0,0,100,0,100,0,0,1686262776,USDJPY-23JUN0910-T139.499,,
0,0,99,1,100,0,0,1686262776,USDJPY-23JUN0910-T139.499,,
0,0,100,0,100,0,0,1686262776,USDJPY-23JUN0910-T139.499,,
0,1,100,0,99,0,0,1686262785,USDJPY-23JUN0910-T139.499,,
0,1,9,91,99,0,0,1686262785,USDJPY-23JUN0910-T139.499,,
0,1,7,93,99,0,0,1686262785,USDJPY-23JUN0910-T139.499,,
0,0,99,1,100,0,0,1686262798,USDJPY-23JUN0910-T139.499,,
0,0,100,0,100,0,0,1686262799,USDJPY-23JUN0910-T139.499,,
0,0,99,1,100,0,0,1686262806,USDJPY-23JUN0910-T139.499,,
0,0,100,0,100,0,0,1686262806,USDJPY-23JUN0910-T139.499,,
0,0,99,1,100,0,0,1686262806,USDJPY-23JUN0910-T139.499,,
0,2,99,1,98,0,0,1686262806,USDJPY-23JUN0910-T139.499,,
0,2,8,92,98,0,0,1686262806,USDJPY-23JUN0910-T139.499,,
0,2,7,93,98,0,0,1686262807,USDJPY-23JUN0910-T139.499,,
0,0,99,1,100,0,0,1686262818,USDJPY-23JUN0910-T139.499,,
0,0,100,0,100,0,0,1686262818,USDJPY-23JUN0910-T139.499,,
0,1,100,0,99,0,0,1686262820,USDJPY-23JUN0910-T139.499,,
0,1,99,1,99,0,0,1686262820,USDJPY-23JUN0910-T139.499,,
0,2,99,1,98,0,0,1686262820,USDJPY-23JUN0910-T139.499,,
0,2,8,92,98,0,0,1686262820,USDJPY-23JUN0910-T139.499,,
0,2,7,93,98,0,0,1686262820,USDJPY-23JUN0910-T139.499,,
0,0,99,1,100,0,0,1686262832,USDJPY-23JUN0910-T139.499,,
0,0,100,0,100,0,0,1686262832,USDJPY-23JUN0910-T139.499,,
0,2,100,0,98,0,0,1686262833,USDJPY-23JUN0910-T139.499,,
0,2,99,1,98,0,0,1686262833,USDJPY-23JUN0910-T139.499,,
0,2,100,0,98,0,0,1686262842,USDJPY-23JUN0910-T139.499,,
0,2,99,1,98,0,0,1686262842,USDJPY-23JUN0910-T139.499,,
0,2,7,93,98,0,0,1686262842,USDJPY-23JUN0910-T139.499,,
0,0,99,1,100,0,0,1686262856,USDJPY-23JUN0910-T139.499,,
0,0,100,0,100,0,0,1686262857,USDJPY-23JUN0910-T139.499,,
0,0,99,1,100,0,0,1686262859,USDJPY-23JUN0910-T139.499,,
0,1,99,1,99,0,0,1686262859,USDJPY-23JUN0910-T139.499,,
0,1,6,94,99,0,0,1686262859,USDJPY-23JUN0910-T139.499,,
0,0,99,1,100,0,0,1686262873,USDJPY-23JUN0910-T139.499,,
0,0,100,0,100,0,0,1686262873,USDJPY-23JUN0910-T139.499,,
0,0,99,1,100,0,0,1686262878,USDJPY-23JUN0910-T139.499,,
0,1,99,1,99,0,0,1686262878,USDJPY-23JUN0910-T139.499,,
0,1,7,93,99,0,0,1686262878,USDJPY-23JUN0910-T139.499,,
0,1,6,94,99,0,0,1686262878,USDJPY-23JUN0910-T139.499,,
0,0,6,94,100,0,0,1686262887,USDJPY-23JUN0910-T139.499,,
0,0,8,92,100,0,0,1686262887,USDJPY-23JUN0910-T139.499,,
0,0,100,0,100,0,0,1686262887,USDJPY-23JUN0910-T139.499,,
0,0,99,1,100,0,0,1686262887,USDJPY-23JUN0910-T139.499,,
0,0,100,0,100,0,0,1686262887,USDJPY-23JUN0910-T139.499,,
0,0,99,1,100,0,0,1686262887,USDJPY-23JUN0910-T139.499,,
0,0,100,0,100,0,0,1686262887,USDJPY-23JUN0910-T139.499,,
0,0,99,1,100,0,0,1686262903,USDJPY-23JUN0910-T139.499,,
0,1,99,1,99,0,0,1686262903,USDJPY-23JUN0910-T139.499,,
0,1,8,92,99,0,0,1686262903,USDJPY-23JUN0910-T139.499,,
0,1,7,93,99,0,0,1686262903,USDJPY-23JUN0910-T139.499,,
0,1,6,94,99,0,0,1686262903,USDJPY-23JUN0910-T139.499,,
0,0,99,1,100,0,0,1686262919,USDJPY-23JUN0910-T139.499,,
0,2,99,1,98,0,0,1686262919,USDJPY-23JUN0910-T139.499,,
0,2,8,92,98,0,0,1686262919,USDJPY-23JUN0910-T139.499,,
0,2,7,93,98,0,0,1686262919,USDJPY-23JUN0910-T139.499,,
0,0,99,1,100,0,0,1686262932,USDJPY-23JUN0910-T139.499,,
0,0,100,0,100,0,0,1686262932,USDJPY-23JUN0910-T139.499,,
0,0,99,1,100,0,0,1686262937,USDJPY-23JUN0910-T139.499,,
0,0,100,0,100,0,0,1686262937,USDJPY-23JUN0910-T139.499,,
0,0,100,0,100,0,0,1686262937,USDJPY-23JUN0910-T139.499,,
0,0,100,0,100,0,0,1686262937,USDJPY-23JUN0910-T139.499,,
0,0,99,1,100,0,0,1686262937,USDJPY-23JUN0910-T139.499,,
0,1,99,1,99,0,0,1686262937,USDJPY-23JUN0910-T139.499,,
0,2,99,1,98,0,0,1686262937,USDJPY-23JUN0910-T139.499,,
0,2,8,92,98,0,0,1686262937,USDJPY-23JUN0910-T139.499,,
0,2,7,93,98,0,0,1686262937,USDJPY-23JUN0910-T139.499,,
0,1,7,93,99,0,0,1686262945,USDJPY-23JUN0910-T139.499,,
0,2,7,93,98,0,0,1686262946,USDJPY-23JUN0910-T139.499,,
0,2,99,1,98,0,0,1686262951,USDJPY-23JUN0910-T139.499,,
0,0,100,0,100,0,0,1686262957,USDJPY-23JUN0910-T139.499,,
0,0,99,1,100,0,0,1686262961,USDJPY-23JUN0910-T139.499,,
0,0,100,0,100,0,0,1686262961,USDJPY-23JUN0910-T139.499,,
0,0,99,1,100,0,0,1686262961,USDJPY-23JUN0910-T139.499,,
0,1,99,1,99,0,0,1686262962,USDJPY-23JUN0910-T139.499,,
0,2,99,1,98,0,0,1686262962,USDJPY-23JUN0910-T139.499,,
0,2,9,91,98,0,0,1686262962,USDJPY-23JUN0910-T139.499,,
0,2,8,92,98,0,0,1686262962,USDJPY-23JUN0910-T139.499,,
0,2,7,93,98,0,0,1686262962,USDJPY-23JUN0910-T139.499,,
0,0,99,1,100,0,0,1686262973,USDJPY-23JUN0910-T139.499,,
0,0,100,0,100,0,0,1686262973,USDJPY-23JUN0910-T139.499,,
0,0,99,1,100,0,0,1686262978,USDJPY-23JUN0910-T139.499,,
0,2,99,1,98,0,0,1686262978,USDJPY-23JUN0910-T139.499,,
0,2,9,91,98,0,0,1686262978,USDJPY-23JUN0910-T139.499,,
0,2,7,93,98,0,0,1686262978,USDJPY-23JUN0910-T139.499,,
0,0,99,1,100,0,0,1686262990,USDJPY-23JUN0910-T139.499,,
0,0,100,0,100,0,0,1686262990,USDJPY-23JUN0910-T139.499,,
0,0,99,1,100,0,0,1686262995,USDJPY-23JUN0910-T139.499,,
0,2,99,1,98,0,0,1686262995,USDJPY-23JUN0910-T139.499,,
0,2,9,91,98,0,0,1686262995,USDJPY-23JUN0910-T139.499,,
0,2,7,93,98,0,0,1686262995,USDJPY-23JUN0910-T139.499,,
0,0,99,1,100,0,0,1686263007,USDJPY-23JUN0910-T139.499,,
0,0,100,0,100,0,0,1686263007,USDJPY-23JUN0910-T139.499,,
0,1,100,0,99,0,0,1686263014,USDJPY-23JUN0910-T139.499,,
0,1,99,1,99,0,0,1686263014,USDJPY-23JUN0910-T139.499,,
0,1,7,93,99,0,0,1686263014,USDJPY-23JUN0910-T139.499,,
0,1,6,94,99,0,0,1686263023,USDJPY-23JUN0910-T139.499,,
0,0,99,1,100,0,0,1686263039,USDJPY-23JUN0910-T139.499,,
0,0,100,0,100,0,0,1686263039,USDJPY-23JUN0910-T139.499,,
0,1,99,1,99,0,0,1686263039,USDJPY-23JUN0910-T139.499,,
0,1,7,93,99,0,0,1686263039,USDJPY-23JUN0910-T139.499,,
0,0,99,1,100,0,0,1686263051,USDJPY-23JUN0910-T139.499,,
0,0,100,0,100,0,0,1686263051,USDJPY-23JUN0910-T139.499,,
0,0,99,1,100,0,0,1686263059,USDJPY-23JUN0910-T139.499,,
0,0,100,0,100,0,0,1686263059,USDJPY-23JUN0910-T139.499,,
0,2,99,1,98,0,0,1686263059,USDJPY-23JUN0910-T139.499,,
0,2,8,92,98,0,0,1686263059,USDJPY-23JUN0910-T139.499,,
0,2,7,93,98,0,0,1686263059,USDJPY-23JUN0910-T139.499,,
0,0,99,1,100,0,0,1686263071,USDJPY-23JUN0910-T139.499,,
0,0,100,0,100,0,0,1686263071,USDJPY-23JUN0910-T139.499,,
0,0,99,1,100,0,0,1686263073,USDJPY-23JUN0910-T139.499,,
0,1,99,1,99,0,0,1686263073,USDJPY-23JUN0910-T139.499,,
0,1,7,93,99,0,0,1686263073,USDJPY-23JUN0910-T139.499,,
0,1,6,94,99,0,0,1686263082,USDJPY-23JUN0910-T139.499,,
0,0,99,1,100,0,0,1686263094,USDJPY-23JUN0910-T139.499,,
0,0,100,0,100,0,0,1686263094,USDJPY-23JUN0910-T139.499,,
0,0,99,1,100,0,0,1686263098,USDJPY-23JUN0910-T139.499,,
0,1,99,1,99,0,0,1686263098,USDJPY-23JUN0910-T139.499,,
0,1,8,92,99,0,0,1686263098,USDJPY-23JUN0910-T139.499,,
0,1,6,94,99,0,0,1686263098,USDJPY-23JUN0910-T139.499,,
0,0,99,1,100,0,0,1686263110,USDJPY-23JUN0910-T139.499,,
0,0,100,0,100,0,0,1686263110,USDJPY-23JUN0910-T139.499,,
0,1,100,0,99,0,0,1686263116,USDJPY-23JUN0910-T139.499,,
0,1,7,93,99,0,0,1686263116,USDJPY-23JUN0910-T139.499,,
0,1,6,94,99,0,0,1686263116,USDJPY-23JUN0910-T139.499,,
0,0,99,1,100,0,0,1686263127,USDJPY-23JUN0910-T139.499,,
0,0,100,0,100,0,0,1686263127,USDJPY-23JUN0910-T139.499,,
0,1,100,0,99,0,0,1686263132,USDJPY-23JUN0910-T139.499,,
0,1,6,94,99,0,0,1686263132,USDJPY-23JUN0910-T139.499,,
0,0,99,1,100,0,0,1686263144,USDJPY-23JUN0910-T139.499,,
0,0,100,0,100,0,0,1686263155,USDJPY-23JUN0910-T139.499,,
0,1,100,0,99,0,0,1686263158,USDJPY-23JUN0910-T139.499,,
0,1,6,94,99,0,0,1686263158,USDJPY-23JUN0910-T139.499,,
0,0,99,1,100,0,0,1686263172,USDJPY-23JUN0910-T139.499,,
0,0,100,0,100,0,0,1686263173,USDJPY-23JUN0910-T139.499,,
0,1,100,0,99,0,0,1686263174,USDJPY-23JUN0910-T139.499,,
0,1,8,92,99,0,0,1686263174,USDJPY-23JUN0910-T139.499,,
0,1,7,93,99,0,0,1686263174,USDJPY-23JUN0910-T139.499,,
0,1,6,94,99,0,0,1686263174,USDJPY-23JUN0910-T139.499,,
0,0,99,1,100,0,0,1686263186,USDJPY-23JUN0910-T139.499,,
0,0,100,0,100,0,0,1686263186,USDJPY-23JUN0910-T139.499,,
0,0,99,1,100,0,0,1686263191,USDJPY-23JUN0910-T139.499,,
0,1,99,1,99,0,0,1686263191,USDJPY-23JUN0910-T139.499,,
0,1,6,94,99,0,0,1686263191,USDJPY-23JUN0910-T139.499,,
0,0,99,1,100,0,0,1686263202,USDJPY-23JUN0910-T139.499,,
0,0,100,0,100,0,0,1686263202,USDJPY-23JUN0910-T139.499,,
0,0,99,1,100,0,0,1686263207,USDJPY-23JUN0910-T139.499,,
0,1,99,1,99,0,0,1686263207,USDJPY-23JUN0910-T139.499,,
0,1,8,92,99,0,0,1686263207,USDJPY-23JUN0910-T139.499,,
0,1,7,93,99,0,0,1686263207,USDJPY-23JUN0910-T139.499,,
0,1,6,94,99,0,0,1686263207,USDJPY-23JUN0910-T139.499,,
0,1,7,93,99,0,0,1686263215,USDJPY-23JUN0910-T139.499,,
0,1,6,94,99,0,0,1686263215,USDJPY-23JUN0910-T139.499,,
0,0,99,1,100,0,0,1686263227,USDJPY-23JUN0910-T139.499,,
0,0,100,0,100,0,0,1686263227,USDJPY-23JUN0910-T139.499,,
0,1,100,0,99,0,0,1686263231,USDJPY-23JUN0910-T139.499,,
0,1,9,91,99,0,0,1686263231,USDJPY-23JUN0910-T139.499,,
0,1,8,92,99,0,0,1686263231,USDJPY-23JUN0910-T139.499,,
0,1,7,93,99,0,0,1686263231,USDJPY-23JUN0910-T139.499,,
0,0,99,1,100,0,0,1686263244,USDJPY-23JUN0910-T139.499,,
0,0,100,0,100,0,0,1686263244,USDJPY-23JUN0910-T139.499,,
0,0,99,1,100,0,0,1686263247,USDJPY-23JUN0910-T139.499,,
0,1,99,1,99,0,0,1686263248,USDJPY-23JUN0910-T139.499,,
0,1,6,94,99,0,0,1686263248,USDJPY-23JUN0910-T139.499,,
0,0,99,1,100,0,0,1686263259,USDJPY-23JUN0910-T139.499,,
0,0,100,0,100,0,0,1686263259,USDJPY-23JUN0910-T139.499,,
0,0,99,1,100,0,0,1686263263,USDJPY-23JUN0910-T139.499,,
0,1,99,1,99,0,0,1686263263,USDJPY-23JUN0910-T139.499,,
0,1,7,93,99,0,0,1686263263,USDJPY-23JUN0910-T139.499,,
0,1,6,94,99,0,0,1686263264,USDJPY-23JUN0910-T139.499,,
0,0,99,1,100,0,0,1686263275,USDJPY-23JUN0910-T139.499,,
0,0,100,0,100,0,0,1686263275,USDJPY-23JUN0910-T139.499,,
0,1,100,0,99,0,0,1686263279,USDJPY-23JUN0910-T139.499,,
0,1,6,94,99,0,0,1686263279,USDJPY-23JUN0910-T139.499,,
0,0,99,1,100,0,0,1686263291,USDJPY-23JUN0910-T139.499,,
0,0,100,0,100,0,0,1686263291,USDJPY-23JUN0910-T139.499,,
0,0,99,1,100,0,0,1686263300,USDJPY-23JUN0910-T139.499,,
0,0,100,0,100,0,0,1686263300,USDJPY-23JUN0910-T139.499,,
0,0,99,1,100,0,0,1686263300,USDJPY-23JUN0910-T139.499,,
0,0,100,0,100,0,0,1686263300,USDJPY-23JUN0910-T139.499,,
0,1,99,1,99,0,0,1686263300,USDJPY-23JUN0910-T139.499,,
0,1,7,93,99,0,0,1686263300,USDJPY-23JUN0910-T139.499,,
0,1,6,94,99,0,0,1686263300,USDJPY-23JUN0910-T139.499,,
0,0,99,1,100,0,0,1686263313,USDJPY-23JUN0910-T139.499,,
0,1,99,1,99,0,0,1686263313,USDJPY-23JUN0910-T139.499,,
0,1,7,93,99,0,0,1686263313,USDJPY-23JUN0910-T139.499,,
0,1,6,94,99,0,0,1686263313,USDJPY-23JUN0910-T139.499,,
0,1,7,93,99,0,0,1686263322,USDJPY-23JUN0910-T139.499,,
0,1,6,94,99,0,0,1686263322,USDJPY-23JUN0910-T139.499,,
0,0,99,1,100,0,0,1686263338,USDJPY-23JUN0910-T139.499,,
0,0,100,0,100,0,0,1686263338,USDJPY-23JUN0910-T139.499,,
0,1,100,0,99,0,0,1686263338,USDJPY-23JUN0910-T139.499,,
0,1,99,1,99,0,0,1686263338,USDJPY-23JUN0910-T139.499,,
0,1,7,93,99,0,0,1686263338,USDJPY-23JUN0910-T139.499,,
0,1,6,94,99,0,0,1686263338,USDJPY-23JUN0910-T139.499,,
0,0,99,1,100,0,0,1686263350,USDJPY-23JUN0910-T139.499,,
0,0,100,0,100,0,0,1686263350,USDJPY-23JUN0910-T139.499,,
0,0,99,1,100,0,0,1686263356,USDJPY-23JUN0910-T139.499,,
0,1,99,1,99,0,0,1686263357,USDJPY-23JUN0910-T139.499,,
0,1,8,92,99,0,0,1686263357,USDJPY-23JUN0910-T139.499,,
0,1,6,94,99,0,0,1686263357,USDJPY-23JUN0910-T139.499,,
0,0,99,1,100,0,0,1686263368,USDJPY-23JUN0910-T139.499,,
0,0,100,0,100,0,0,1686263368,USDJPY-23JUN0910-T139.499,,
0,0,99,1,100,0,0,1686263373,USDJPY-23JUN0910-T139.499,,
0,1,99,1,99,0,0,1686263373,USDJPY-23JUN0910-T139.499,,
0,1,7,93,99,0,0,1686263373,USDJPY-23JUN0910-T139.499,,
0,1,6,94,99,0,0,1686263373,USDJPY-23JUN0910-T139.499,,
0,1,7,93,99,0,0,1686263382,USDJPY-23JUN0910-T139.499,,
0,1,6,94,99,0,0,1686263382,USDJPY-23JUN0910-T139.499,,
0,0,99,1,100,0,0,1686263394,USDJPY-23JUN0910-T139.499,,
0,0,100,0,100,0,0,1686263394,USDJPY-23JUN0910-T139.499,,
0,0,99,1,100,0,0,1686263399,USDJPY-23JUN0910-T139.499,,
0,0,100,0,100,0,0,1686263399,USDJPY-23JUN0910-T139.499,,
0,0,99,1,100,0,0,1686263399,USDJPY-23JUN0910-T139.499,,
0,1,99,1,99,0,0,1686263399,USDJPY-23JUN0910-T139.499,,
0,1,8,92,99,0,0,1686263399,USDJPY-23JUN0910-T139.499,,
0,1,7,93,99,0,0,1686263399,USDJPY-23JUN0910-T139.499,,
0,0,99,1,100,0,0,1686263417,USDJPY-23JUN0910-T139.499,,
0,1,99,1,99,0,0,1686263417,USDJPY-23JUN0910-T139.499,,
0,1,7,93,99,0,0,1686263417,USDJPY-23JUN0910-T139.499,,
0,1,6,94,99,0,0,1686263417,USDJPY-23JUN0910-T139.499,,
0,1,100,0,99,0,0,1686263433,USDJPY-23JUN0910-T139.499,,
0,1,6,94,99,0,0,1686263433,USDJPY-23JUN0910-T139.499,,
0,1,7,93,99,0,0,1686263443,USDJPY-23JUN0910-T139.499,,
0,1,6,94,99,0,0,1686263443,USDJPY-23JUN0910-T139.499,,
0,0,99,1,100,0,0,1686263455,USDJPY-23JUN0910-T139.499,,
0,0,100,0,100,0,0,1686263455,USDJPY-23JUN0910-T139.499,,
0,0,99,1,100,0,0,1686263459,USDJPY-23JUN0910-T139.499,,
0,1,99,1,99,0,0,1686263459,USDJPY-23JUN0910-T139.499,,
0,1,6,94,99,0,0,1686263459,USDJPY-23JUN0910-T139.499,,
0,0,99,1,100,0,0,1686263471,USDJPY-23JUN0910-T139.499,,
0,0,100,0,100,0,0,1686263471,USDJPY-23JUN0910-T139.499,,
0,0,99,1,100,0,0,1686263477,USDJPY-23JUN0910-T139.499,,
0,1,99,1,99,0,0,1686263477,USDJPY-23JUN0910-T139.499,,
0,1,100,0,99,0,0,1686263477,USDJPY-23JUN0910-T139.499,,
0,1,7,93,99,0,0,1686263477,USDJPY-23JUN0910-T139.499,,
0,1,6,94,99,0,0,1686263477,USDJPY-23JUN0910-T139.499,,
0,0,99,1,100,0,0,1686263489,USDJPY-23JUN0910-T139.499,,
0,0,100,0,100,0,0,1686263489,USDJPY-23JUN0910-T139.499,,
0,0,99,1,100,0,0,1686263494,USDJPY-23JUN0910-T139.499,,
0,1,99,1,99,0,0,1686263494,USDJPY-23JUN0910-T139.499,,
0,1,8,92,99,0,0,1686263494,USDJPY-23JUN0910-T139.499,,
0,1,7,93,99,0,0,1686263494,USDJPY-23JUN0910-T139.499,,
0,1,6,94,99,0,0,1686263494,USDJPY-23JUN0910-T139.499,,
0,1,7,93,99,0,0,1686263503,USDJPY-23JUN0910-T139.499,,
0,1,6,94,99,0,0,1686263503,USDJPY-23JUN0910-T139.499,,
6,0,100,0,100,10,10,1686263509,USDJPY-23JUN0910-T139.499,,
6,0,99,1,100,10,10,1686263509,USDJPY-23JUN0910-T139.499,,
6,0,100,0,100,10,10,1686263512,USDJPY-23JUN0910-T139.499,,
6,0,99,1,100,10,10,1686263512,USDJPY-23JUN0910-T139.499,,
6,1,99,1,99,10,10,1686263512,USDJPY-23JUN0910-T139.499,,
6,1,9,91,99,10,10,1686263512,USDJPY-23JUN0910-T139.499,,
6,1,7,93,99,10,10,1686263512,USDJPY-23JUN0910-T139.499,,
6,1,6,94,99,10,10,1686263554,USDJPY-23JUN0910-T139.499,,
6,0,7,93,100,10,10,1686263750,USDJPY-23JUN0910-T139.499,,
6,0,8,92,100,10,10,1686263750,USDJPY-23JUN0910-T139.499,,
6,0,100,0,100,10,10,1686263750,USDJPY-23JUN0910-T139.499,,
6,0,99,1,100,10,10,1686263750,USDJPY-23JUN0910-T139.499,,
6,0,100,0,100,10,10,1686263750,USDJPY-23JUN0910-T139.499,,
6,0,99,1,100,10,10,1686263776,USDJPY-23JUN0910-T139.499,,
6,1,99,1,99,10,10,1686263776,USDJPY-23JUN0910-T139.499,,
6,1,7,93,99,10,10,1686263776,USDJPY-23JUN0910-T139.499,,
6,1,6,94,99,10,10,1686263776,USDJPY-23JUN0910-T139.499,,
6,0,99,1,100,10,10,1686263788,USDJPY-23JUN0910-T139.499,,
6,0,100,0,100,10,10,1686263788,USDJPY-23JUN0910-T139.499,,
6,0,99,1,100,10,10,1686263789,USDJPY-23JUN0910-T139.499,,
6,0,100,0,100,10,10,1686263801,USDJPY-23JUN0910-T139.499,,
6,0,99,1,100,10,10,1686263805,USDJPY-23JUN0910-T139.499,,
6,1,99,1,99,10,10,1686263805,USDJPY-23JUN0910-T139.499,,
6,1,7,93,99,10,10,1686263805,USDJPY-23JUN0910-T139.499,,
6,1,6,94,99,10,10,1686263805,USDJPY-23JUN0910-T139.499,,
6,0,99,1,100,10,10,1686263817,USDJPY-23JUN0910-T139.499,,
6,0,100,0,100,10,10,1686263817,USDJPY-23JUN0910-T139.499,,
6,0,99,1,100,10,10,1686263822,USDJPY-23JUN0910-T139.499,,
6,1,99,1,99,10,10,1686263822,USDJPY-23JUN0910-T139.499,,
6,1,7,93,99,10,10,1686263822,USDJPY-23JUN0910-T139.499,,
6,1,6,94,99,10,10,1686263822,USDJPY-23JUN0910-T139.499,,
6,0,99,1,100,10,10,1686263835,USDJPY-23JUN0910-T139.499,,
6,0,100,0,100,10,10,1686263835,USDJPY-23JUN0910-T139.499,,
6,0,99,1,100,10,10,1686263847,USDJPY-23JUN0910-T139.499,,
6,1,99,1,99,10,10,1686263847,USDJPY-23JUN0910-T139.499,,
6,1,8,92,99,10,10,1686263847,USDJPY-23JUN0910-T139.499,,
6,1,6,94,99,10,10,1686263847,USDJPY-23JUN0910-T139.499,,
6,0,99,1,100,10,10,1686263858,USDJPY-23JUN0910-T139.499,,
6,0,100,0,100,10,10,1686263858,USDJPY-23JUN0910-T139.499,,
6,0,99,1,100,10,10,1686263864,USDJPY-23JUN0910-T139.499,,
6,1,99,1,99,10,10,1686263864,USDJPY-23JUN0910-T139.499,,
6,1,8,92,99,10,10,1686263864,USDJPY-23JUN0910-T139.499,,
6,1,7,93,99,10,10,1686263864,USDJPY-23JUN0910-T139.499,,
6,1,6,94,99,10,10,1686263864,USDJPY-23JUN0910-T139.499,,
6,0,99,1,100,10,10,1686263877,USDJPY-23JUN0910-T139.499,,
6,0,100,0,100,10,10,1686263878,USDJPY-23JUN0910-T139.499,,
6,1,100,0,99,10,10,1686263880,USDJPY-23JUN0910-T139.499,,
6,1,8,92,99,10,10,1686263880,USDJPY-23JUN0910-T139.499,,
6,1,6,94,99,10,10,1686263880,USDJPY-23JUN0910-T139.499,,
6,1,7,93,99,60,60,1686263882,USDJPY-23JUN0910-T139.499,,
6,0,100,0,100,60,60,1686263899,USDJPY-23JUN0910-T139.499,,
6,1,100,0,99,60,60,1686263899,USDJPY-23JUN0910-T139.499,,
6,1,7,93,99,60,60,1686263899,USDJPY-23JUN0910-T139.499,,
6,1,6,94,99,60,60,1686263899,USDJPY-23JUN0910-T139.499,,
6,0,99,1,100,60,60,1686263911,USDJPY-23JUN0910-T139.499,,
6,0,100,0,100,60,60,1686263918,USDJPY-23JUN0910-T139.499,,
6,0,99,1,100,60,60,1686263961,USDJPY-23JUN0910-T139.499,,
6,1,6,94,99,60,60,1686263961,USDJPY-23JUN0910-T139.499,,
6,0,99,1,100,60,60,1686263973,USDJPY-23JUN0910-T139.499,,
6,0,100,0,100,60,60,1686263973,USDJPY-23JUN0910-T139.499,,
6,0,99,1,100,60,60,1686263977,USDJPY-23JUN0910-T139.499,,
6,1,99,1,99,60,60,1686263977,USDJPY-23JUN0910-T139.499,,
6,1,7,93,99,60,60,1686263977,USDJPY-23JUN0910-T139.499,,
6,1,6,94,99,60,60,1686263978,USDJPY-23JUN0910-T139.499,,
6,0,99,1,100,60,60,1686263994,USDJPY-23JUN0910-T139.499,,
6,0,100,0,100,60,60,1686263994,USDJPY-23JUN0910-T139.499,,
6,0,99,1,100,60,60,1686263994,USDJPY-23JUN0910-T139.499,,
6,1,99,1,99,60,60,1686263994,USDJPY-23JUN0910-T139.499,,
6,1,6,94,99,60,60,1686263994,USDJPY-23JUN0910-T139.499,,
6,0,99,1,100,60,60,1686264005,USDJPY-23JUN0910-T139.499,,
6,0,100,0,100,60,60,1686264005,USDJPY-23JUN0910-T139.499,,
6,0,99,1,100,60,60,1686264012,USDJPY-23JUN0910-T139.499,,
6,0,100,0,100,60,60,1686264012,USDJPY-23JUN0910-T139.499,,
6,0,99,1,100,60,60,1686264012,USDJPY-23JUN0910-T139.499,,
6,1,99,1,99,60,60,1686264012,USDJPY-23JUN0910-T139.499,,
6,1,8,92,99,60,60,1686264012,USDJPY-23JUN0910-T139.499,,
6,1,6,94,99,60,60,1686264012,USDJPY-23JUN0910-T139.499,,
6,0,99,1,100,60,60,1686264024,USDJPY-23JUN0910-T139.499,,
6,0,100,0,100,60,60,1686264024,USDJPY-23JUN0910-T139.499,,
6,0,99,1,100,60,60,1686264026,USDJPY-23JUN0910-T139.499,,
6,1,99,1,99,60,60,1686264026,USDJPY-23JUN0910-T139.499,,
6,1,7,93,99,60,60,1686264026,USDJPY-23JUN0910-T139.499,,
6,1,6,94,99,60,60,1686264026,USDJPY-23JUN0910-T139.499,,
6,0,99,1,100,60,60,1686264038,USDJPY-23JUN0910-T139.499,,
6,0,100,0,100,60,60,1686264038,USDJPY-23JUN0910-T139.499,,
6,0,99,1,100,60,60,1686264043,USDJPY-23JUN0910-T139.499,,
6,0,100,0,100,60,60,1686264043,USDJPY-23JUN0910-T139.499,,
6,1,99,1,99,60,60,1686264043,USDJPY-23JUN0910-T139.499,,
6,1,8,92,99,60,60,1686264043,USDJPY-23JUN0910-T139.499,,
6,1,6,94,99,60,60,1686264044,USDJPY-23JUN0910-T139.499,,
6,0,99,1,100,60,60,1686264055,USDJPY-23JUN0910-T139.499,,
6,0,100,0,100,60,60,1686264065,USDJPY-23JUN0910-T139.499,,
6,1,100,0,99,60,60,1686264070,USDJPY-23JUN0910-T139.499,,
6,1,99,1,99,60,60,1686264070,USDJPY-23JUN0910-T139.499,,
6,1,6,94,99,60,60,1686264070,USDJPY-23JUN0910-T139.499,,
6,4,6,94,96,60,60,1686264081,USDJPY-23JUN0910-T139.499,,
6,4,99,1,96,60,60,1686264082,USDJPY-23JUN0910-T139.499,,
6,4,16,84,96,60,60,1686264082,USDJPY-23JUN0910-T139.499,,
6,4,8,92,96,60,60,1686264089,USDJPY-23JUN0910-T139.499,,
6,4,7,93,96,60,60,1686264089,USDJPY-23JUN0910-T139.499,,
6,4,6,94,96,60,60,1686264089,USDJPY-23JUN0910-T139.499,,
4,2,4,96,98,85,85,1686264118,USDJPY-23JUN0910-T139.499,,
4,2,16,84,98,160,160,1686264118,USDJPY-23JUN0910-T139.499,,
4,2,18,82,98,160,160,1686264123,USDJPY-23JUN0910-T139.499,,
4,2,20,80,98,160,160,1686264124,USDJPY-23JUN0910-T139.499,,
4,2,100,0,98,160,160,1686264124,USDJPY-23JUN0910-T139.499,,
4,2,99,1,98,160,160,1686264124,USDJPY-23JUN0910-T139.499,,
4,2,17,83,98,160,160,1686264125,USDJPY-23JUN0910-T139.499,,
4,2,19,81,98,160,160,1686264131,USDJPY-23JUN0910-T139.499,,
4,2,21,79,98,160,160,1686264132,USDJPY-23JUN0910-T139.499,,
4,2,100,0,98,160,160,1686264132,USDJPY-23JUN0910-T139.499,,
4,2,99,1,98,160,160,1686264132,USDJPY-23JUN0910-T139.499,,
4,2,100,0,98,160,160,1686264132,USDJPY-23JUN0910-T139.499,,
4,2,8,92,98,160,160,1686264132,USDJPY-23JUN0910-T139.499,,
4,2,7,93,98,160,160,1686264132,USDJPY-23JUN0910-T139.499,,
4,2,6,94,98,160,160,1686264132,USDJPY-23JUN0910-T139.499,,
4,2,5,95,98,160,160,1686264134,USDJPY-23JUN0910-T139.499,,
5,2,5,95,98,260,260,1686264136,USDJPY-23JUN0910-T139.499,,
5,2,6,94,98,285,285,1686264138,USDJPY-23JUN0910-T139.499,,
5,2,17,83,98,285,285,1686264150,USDJPY-23JUN0910-T139.499,,
5,2,7,93,98,285,285,1686264150,USDJPY-23JUN0910-T139.499,,
5,2,6,94,98,285,285,1686264150,USDJPY-23JUN0910-T139.499,,
5,4,6,94,96,285,285,1686264153,USDJPY-23JUN0910-T139.499,,
5,4,17,83,96,285,285,1686264168,USDJPY-23JUN0910-T139.499,,
5,4,8,92,96,285,285,1686264168,USDJPY-23JUN0910-T139.499,,
5,4,7,93,96,285,285,1686264168,USDJPY-23JUN0910-T139.499,,
5,4,6,94,96,285,285,1686264168,USDJPY-23JUN0910-T139.499,,
6,4,16,84,96,310,310,1686269044,USDJPY-23JUN0910-T139.499,,
6,4,9,91,96,310,310,1686269049,USDJPY-23JUN0910-T139.499,,
6,4,16,84,96,310,310,1686269062,USDJPY-23JUN0910-T139.499,,
6,4,10,90,96,310,310,1686269074,USDJPY-23JUN0910-T139.499,,
6,4,9,91,96,310,310,1686269074,USDJPY-23JUN0910-T139.499,,
6,4,10,90,96,310,310,1686269083,USDJPY-23JUN0910-T139.499,,
6,4,9,91,96,310,310,1686269083,USDJPY-23JUN0910-T139.499,,
6,4,18,82,96,310,310,1686269092,USDJPY-23JUN0910-T139.499,,
6,4,9,91,96,310,310,1686269092,USDJPY-23JUN0910-T139.499,,
6,5,9,91,95,310,310,1686269096,USDJPY-23JUN0910-T139.499,,
6,4,9,91,96,310,310,1686269098,USDJPY-23JUN0910-T139.499,,
6,4,18,82,96,310,310,1686269108,USDJPY-23JUN0910-T139.499,,
6,4,10,90,96,310,310,1686269108,USDJPY-23JUN0910-T139.499,,
6,4,9,91,96,310,310,1686269109,USDJPY-23JUN0910-T139.499,,
6,4,18,82,96,310,310,1686269124,USDJPY-23JUN0910-T139.499,,
6,4,10,90,96,310,310,1686269124,USDJPY-23JUN0910-T139.499,,
6,4,9,91,96,310,310,1686269124,USDJPY-23JUN0910-T139.499,,
6,4,18,82,96,310,310,1686269141,USDJPY-23JUN0910-T139.499,,
6,4,11,89,96,310,310,1686269141,USDJPY-23JUN0910-T139.499,,
6,4,10,90,96,310,310,1686269141,USDJPY-23JUN0910-T139.499,,
6,4,9,91,96,310,310,1686269141,USDJPY-23JUN0910-T139.499,,
6,4,10,90,96,310,310,1686269150,USDJPY-23JUN0910-T139.499,,
6,5,18,82,95,310,310,1686269166,USDJPY-23JUN0910-T139.499,,
6,5,10,90,95,310,310,1686269166,USDJPY-23JUN0910-T139.499,,
6,5,18,82,95,310,310,1686269184,USDJPY-23JUN0910-T139.499,,
6,5,12,88,95,310,310,1686269184,USDJPY-23JUN0910-T139.499,,
6,5,10,90,95,310,310,1686269184,USDJPY-23JUN0910-T139.499,,
6,4,18,82,96,310,310,1686269201,USDJPY-23JUN0910-T139.499,,
6,4,10,90,96,310,310,1686269201,USDJPY-23JUN0910-T139.499,,
6,4,9,91,96,310,310,1686269210,USDJPY-23JUN0910-T139.499,,
6,5,18,82,95,310,310,1686269223,USDJPY-23JUN0910-T139.499,,
6,4,18,82,96,310,310,1686269225,USDJPY-23JUN0910-T139.499,,
6,4,11,89,96,310,310,1686269226,USDJPY-23JUN0910-T139.499,,
6,4,10,90,96,310,310,1686269226,USDJPY-23JUN0910-T139.499,,
6,4,9,91,96,310,310,1686269227,USDJPY-23JUN0910-T139.499,,
6,4,18,82,96,310,310,1686269245,USDJPY-23JUN0910-T139.499,,
6,4,11,89,96,310,310,1686269245,USDJPY-23JUN0910-T139.499,,
6,4,10,90,96,310,310,1686269245,USDJPY-23JUN0910-T139.499,,
6,4,9,91,96,310,310,1686269245,USDJPY-23JUN0910-T139.499,,
6,4,18,82,96,310,310,1686269261,USDJPY-23JUN0910-T139.499,,
6,4,10,90,96,310,310,1686269261,USDJPY-23JUN0910-T139.499,,
6,4,9,91,96,310,310,1686269261,USDJPY-23JUN0910-T139.499,,
6,4,10,90,96,310,310,1686269270,USDJPY-23JUN0910-T139.499,,
6,4,9,91,96,310,310,1686269270,USDJPY-23JUN0910-T139.499,,
6,4,18,82,96,310,310,1686269286,USDJPY-23JUN0910-T139.499,,
6,4,10,90,96,310,310,1686269286,USDJPY-23JUN0910-T139.499,,
6,4,9,91,96,310,310,1686269286,USDJPY-23JUN0910-T139.499,,
6,4,17,83,96,310,310,1686269311,USDJPY-23JUN0910-T139.499,,
6,4,9,91,96,310,310,1686269311,USDJPY-23JUN0910-T139.499,,
6,4,10,90,96,310,310,1686269320,USDJPY-23JUN0910-T139.499,,
6,4,9,91,96,310,310,1686269320,USDJPY-23JUN0910-T139.499,,
6,4,18,82,96,310,310,1686269336,USDJPY-23JUN0910-T139.499,,
6,4,12,88,96,310,310,1686269337,USDJPY-23JUN0910-T139.499,,
6,4,10,90,96,310,310,1686269337,USDJPY-23JUN0910-T139.499,,
6,4,9,91,96,310,310,1686269345,USDJPY-23JUN0910-T139.499,,
6,5,9,91,95,310,310,1686269348,USDJPY-23JUN0910-T139.499,,
6,4,9,91,96,310,310,1686269355,USDJPY-23JUN0910-T139.499,,
6,4,18,82,96,310,310,1686269357,USDJPY-23JUN0910-T139.499,,
6,4,11,89,96,310,310,1686269363,USDJPY-23JUN0910-T139.499,,
6,4,10,90,96,310,310,1686269363,USDJPY-23JUN0910-T139.499,,
6,4,9,91,96,310,310,1686269363,USDJPY-23JUN0910-T139.499,,
6,4,18,82,96,310,310,1686269380,USDJPY-23JUN0910-T139.499,,
6,4,10,90,96,310,310,1686269380,USDJPY-23JUN0910-T139.499,,
6,4,9,91,96,310,310,1686269380,USDJPY-23JUN0910-T139.499,,
6,4,18,82,96,310,310,1686269396,USDJPY-23JUN0910-T139.499,,
6,4,9,91,96,310,310,1686269396,USDJPY-23JUN0910-T139.499,,
6,4,18,82,96,310,310,1686269413,USDJPY-23JUN0910-T139.499,,
6,4,9,91,96,310,310,1686269413,USDJPY-23JUN0910-T139.499,,
6,4,18,82,96,310,310,1686269440,USDJPY-23JUN0910-T139.499,,
6,4,11,89,96,310,310,1686269440,USDJPY-23JUN0910-T139.499,,
6,4,9,91,96,310,310,1686269440,USDJPY-23JUN0910-T139.499,,
6,4,18,82,96,310,310,1686269456,USDJPY-23JUN0910-T139.499,,
6,4,12,88,96,310,310,1686269456,USDJPY-23JUN0910-T139.499,,
6,4,11,89,96,310,310,1686269456,USDJPY-23JUN0910-T139.499,,
6,4,10,90,96,310,310,1686269456,USDJPY-23JUN0910-T139.499,,
6,4,19,81,96,310,310,1686269468,USDJPY-23JUN0910-T139.499,,
6,4,21,79,96,310,310,1686269471,USDJPY-23JUN0910-T139.499,,
6,4,23,77,96,310,310,1686269471,USDJPY-23JUN0910-T139.499,,
6,4,100,0,96,310,310,1686269471,USDJPY-23JUN0910-T139.499,,
6,4,99,1,96,310,310,1686269471,USDJPY-23JUN0910-T139.499,,
6,5,99,1,95,310,310,1686269473,USDJPY-23JUN0910-T139.499,,
6,5,10,90,95,310,310,1686269473,USDJPY-23JUN0910-T139.499,,
6,6,10,90,94,310,310,1686269479,USDJPY-23JUN0910-T139.499,,
6,6,11,89,94,310,310,1686269483,USDJPY-23JUN0910-T139.499,,
6,6,10,90,94,310,310,1686269483,USDJPY-23JUN0910-T139.499,,
6,6,19,81,94,310,310,1686269500,USDJPY-23JUN0910-T139.499,,
6,6,10,90,94,310,310,1686269500,USDJPY-23JUN0910-T139.499,,
6,4,19,81,96,310,310,1686269512,USDJPY-23JUN0910-T139.499,,
6,5,19,81,95,310,310,1686269515,USDJPY-23JUN0910-T139.499,,
6,5,10,90,95,310,310,1686269516,USDJPY-23JUN0910-T139.499,,
6,5,99,1,95,310,310,1686269527,USDJPY-23JUN0910-T139.499,,
6,5,20,80,95,310,310,1686269527,USDJPY-23JUN0910-T139.499,,
6,6,20,80,94,310,310,1686269534,USDJPY-23JUN0910-T139.499,,
6,6,11,89,94,310,310,1686269534,USDJPY-23JUN0910-T139.499,,
6,5,20,80,95,310,310,1686269548,USDJPY-23JUN0910-T139.499,,
6,5,12,88,95,310,310,1686269548,USDJPY-23JUN0910-T139.499,,
6,5,11,89,95,310,310,1686269548,USDJPY-23JUN0910-T139.499,,
6,5,10,90,95,310,310,1686269548,USDJPY-23JUN0910-T139.499,,
6,5,7,93,95,310,310,1686269573,USDJPY-23JUN0910-T139.499,,
7,5,10,90,95,335,335,1686269578,USDJPY-23JUN0910-T139.499,,
7,5,20,80,95,335,335,1686269591,USDJPY-23JUN0910-T139.499,,
7,5,11,89,95,335,335,1686269591,USDJPY-23JUN0910-T139.499,,
7,5,8,92,95,335,335,1686269605,USDJPY-23JUN0910-T139.499,,
7,6,8,92,94,335,335,1686269608,USDJPY-23JUN0910-T139.499,,
7,5,8,92,95,335,335,1686269618,USDJPY-23JUN0910-T139.499,,
7,6,8,92,94,335,335,1686269618,USDJPY-23JUN0910-T139.499,,
8,6,20,80,94,360,360,1686269627,USDJPY-23JUN0910-T139.499,,
8,5,20,80,95,360,360,1686269634,USDJPY-23JUN0910-T139.499,,
8,6,20,80,94,360,360,1686269634,USDJPY-23JUN0910-T139.499,,
8,6,13,87,94,360,360,1686269634,USDJPY-23JUN0910-T139.499,,
8,6,12,88,94,360,360,1686269634,USDJPY-23JUN0910-T139.499,,
8,6,11,89,94,360,360,1686269634,USDJPY-23JUN0910-T139.499,,
8,7,11,89,93,360,360,1686269637,USDJPY-23JUN0910-T139.499,,
8,7,20,80,93,360,360,1686269646,USDJPY-23JUN0910-T139.499,,
8,5,20,80,95,360,360,1686269648,USDJPY-23JUN0910-T139.499,,
8,6,20,80,94,360,360,1686269652,USDJPY-23JUN0910-T139.499,,
8,6,13,87,94,360,360,1686269652,USDJPY-23JUN0910-T139.499,,
8,6,11,89,94,360,360,1686269652,USDJPY-23JUN0910-T139.499,,
8,6,20,80,94,360,360,1686269668,USDJPY-23JUN0910-T139.499,,
8,6,12,88,94,360,360,1686269668,USDJPY-23JUN0910-T139.499,,
8,6,11,89,94,360,360,1686269668,USDJPY-23JUN0910-T139.499,,
8,6,12,88,94,360,360,1686269677,USDJPY-23JUN0910-T139.499,,
8,6,11,89,94,360,360,1686269677,USDJPY-23JUN0910-T139.499,,
8,6,20,80,94,360,360,1686269694,USDJPY-23JUN0910-T139.499,,
8,6,13,87,94,360,360,1686269694,USDJPY-23JUN0910-T139.499,,
8,6,12,88,94,360,360,1686269694,USDJPY-23JUN0910-T139.499,,
8,6,11,89,94,360,360,1686269694,USDJPY-23JUN0910-T139.499,,
8,6,20,80,94,360,360,1686269711,USDJPY-23JUN0910-T139.499,,
8,6,12,88,94,360,360,1686269711,USDJPY-23JUN0910-T139.499,,
8,6,11,89,94,360,360,1686269711,USDJPY-23JUN0910-T139.499,,
8,6,20,80,94,360,360,1686269767,USDJPY-23JUN0910-T139.499,,
8,5,22,78,95,360,360,1686269911,USDJPY-23JUN0910-T139.499,,
8,5,99,1,95,360,360,1686269911,USDJPY-23JUN0910-T139.499,,
8,5,21,79,95,360,360,1686269913,USDJPY-23JUN0910-T139.499,,
8,6,21,79,94,360,360,1686269955,USDJPY-23JUN0910-T139.499,,
8,4,21,79,96,360,360,1686270027,USDJPY-23JUN0910-T139.499,,
8,5,21,79,95,360,360,1686270029,USDJPY-23JUN0910-T139.499,,
8,5,19,81,95,360,360,1686270034,USDJPY-23JUN0910-T139.499,,
8,5,9,91,95,360,360,1686270173,USDJPY-23JUN0910-T139.499,,
8,6,9,91,94,360,360,1686270273,USDJPY-23JUN0910-T139.499,,
8,4,9,91,96,360,360,1686270389,USDJPY-23JUN0910-T139.499,,
8,5,9,91,95,360,360,1686270391,USDJPY-23JUN0910-T139.499,,
9,5,100,0,95,385,385,1686270487,USDJPY-23JUN0910-T139.499,,
9,5,99,1,95,385,385,1686270487,USDJPY-23JUN0910-T139.499,,
9,8,21,79,92,385,385,1686270512,USDJPY-23JUN0910-T139.499,,
9,6,21,79,94,385,385,1686270515,USDJPY-23JUN0910-T139.499,,
9,5,21,79,95,385,385,1686270515,USDJPY-23JUN0910-T139.499,,
9,7,21,79,93,385,385,1686270517,USDJPY-23JUN0910-T139.499,,
9,5,21,79,95,385,385,1686270551,USDJPY-23JUN0910-T139.499,,
9,4,21,79,96,385,385,1686270551,USDJPY-23JUN0910-T139.499,,
9,6,21,79,94,385,385,1686270555,USDJPY-23JUN0910-T139.499,,
9,6,19,81,94,385,385,1686270729,USDJPY-23JUN0910-T139.499,,
9,5,18,82,95,385,385,1686270850,USDJPY-23JUN0910-T139.499,,
9,4,18,82,96,385,385,1686270925,USDJPY-23JUN0910-T139.499,,
9,4,16,84,96,385,385,1686270972,USDJPY-23JUN0910-T139.499,,
9,4,7,93,96,385,385,1686271065,USDJPY-23JUN0910-T139.499,,
9,4,16,84,96,385,385,1686271083,USDJPY-23JUN0910-T139.499,,
9,4,9,91,96,385,385,1686271083,USDJPY-23JUN0910-T139.499,,
9,4,8,92,96,385,385,1686271083,USDJPY-23JUN0910-T139.499,,
9,4,16,84,96,385,385,1686271098,USDJPY-23JUN0910-T139.499,,
9,4,15,85,96,385,385,1686271100,USDJPY-23JUN0910-T139.499,,
9,4,9,91,96,385,385,1686271101,USDJPY-23JUN0910-T139.499,,
9,4,8,92,96,385,385,1686271101,USDJPY-23JUN0910-T139.499,,
9,4,16,84,96,385,385,1686271113,USDJPY-23JUN0910-T139.499,,
9,4,99,1,96,385,385,1686271115,USDJPY-23JUN0910-T139.499,,
9,4,16,84,96,385,385,1686271115,USDJPY-23JUN0910-T139.499,,
9,4,10,90,96,385,385,1686271116,USDJPY-23JUN0910-T139.499,,
9,4,9,91,96,385,385,1686271116,USDJPY-23JUN0910-T139.499,,
9,4,8,92,96,385,385,1686271116,USDJPY-23JUN0910-T139.499,,
9,4,16,84,96,385,385,1686271141,USDJPY-23JUN0910-T139.499,,
9,4,8,92,96,385,385,1686271141,USDJPY-23JUN0910-T139.499,,
9,4,16,84,96,385,385,1686271158,USDJPY-23JUN0910-T139.499,,
9,4,8,92,96,385,385,1686271158,USDJPY-23JUN0910-T139.499,,
9,4,16,84,96,385,385,1686271174,USDJPY-23JUN0910-T139.499,,
9,4,10,90,96,385,385,1686271174,USDJPY-23JUN0910-T139.499,,
9,4,9,91,96,385,385,1686271174,USDJPY-23JUN0910-T139.499,,
9,4,8,92,96,385,385,1686271174,USDJPY-23JUN0910-T139.499,,
9,4,16,84,96,385,385,1686271190,USDJPY-23JUN0910-T139.499,,
9,4,8,92,96,385,385,1686271190,USDJPY-23JUN0910-T139.499,,
9,4,16,84,96,385,385,1686271206,USDJPY-23JUN0910-T139.499,,
9,4,8,92,96,385,385,1686271206,USDJPY-23JUN0910-T139.499,,
9,4,16,84,96,385,385,1686271218,USDJPY-23JUN0910-T139.499,,
9,4,8,92,96,385,385,1686271218,USDJPY-23JUN0910-T139.499,,
9,4,18,82,96,385,385,1686271233,USDJPY-23JUN0910-T139.499,,
9,4,20,80,96,385,385,1686271233,USDJPY-23JUN0910-T139.499,,
9,4,100,0,96,385,385,1686271234,USDJPY-23JUN0910-T139.499,,
9,4,99,1,96,385,385,1686271234,USDJPY-23JUN0910-T139.499,,
9,4,17,83,96,385,385,1686271237,USDJPY-23JUN0910-T139.499,,
9,4,9,91,96,385,385,1686271238,USDJPY-23JUN0910-T139.499,,
9,4,17,83,96,385,385,1686271263,USDJPY-23JUN0910-T139.499,,
9,4,11,89,96,385,385,1686271263,USDJPY-23JUN0910-T139.499,,
9,4,9,91,96,385,385,1686271263,USDJPY-23JUN0910-T139.499,,
9,4,17,83,96,385,385,1686271282,USDJPY-23JUN0910-T139.499,,
9,4,10,90,96,385,385,1686271282,USDJPY-23JUN0910-T139.499,,
9,4,9,91,96,385,385,1686271282,USDJPY-23JUN0910-T139.499,,
9,4,10,90,96,385,385,1686271291,USDJPY-23JUN0910-T139.499,,
9,4,9,91,96,385,385,1686271291,USDJPY-23JUN0910-T139.499,,
9,4,17,83,96,385,385,1686271307,USDJPY-23JUN0910-T139.499,,
9,4,10,90,96,385,385,1686271307,USDJPY-23JUN0910-T139.499,,
9,4,9,91,96,385,385,1686271307,USDJPY-23JUN0910-T139.499,,
9,4,17,83,96,385,385,1686271323,USDJPY-23JUN0910-T139.499,,
9,4,9,91,96,385,385,1686271323,USDJPY-23JUN0910-T139.499,,
9,4,17,83,96,385,385,1686271341,USDJPY-23JUN0910-T139.499,,
9,4,11,89,96,385,385,1686271342,USDJPY-23JUN0910-T139.499,,
9,4,9,91,96,385,385,1686271342,USDJPY-23JUN0910-T139.499,,
9,4,17,83,96,385,385,1686271358,USDJPY-23JUN0910-T139.499,,
9,4,11,89,96,385,385,1686271366,USDJPY-23JUN0910-T139.499,,
9,4,10,90,96,385,385,1686271366,USDJPY-23JUN0910-T139.499,,
9,4,9,91,96,385,385,1686271366,USDJPY-23JUN0910-T139.499,,
9,4,17,83,96,385,385,1686271382,USDJPY-23JUN0910-T139.499,,
9,4,9,91,96,385,385,1686271382,USDJPY-23JUN0910-T139.499,,
9,4,17,83,96,385,385,1686271399,USDJPY-23JUN0910-T139.499,,
9,4,11,89,96,385,385,1686271399,USDJPY-23JUN0910-T139.499,,
9,4,10,90,96,385,385,1686271399,USDJPY-23JUN0910-T139.499,,
9,4,9,91,96,385,385,1686271399,USDJPY-23JUN0910-T139.499,,
9,4,17,83,96,385,385,1686271419,USDJPY-23JUN0910-T139.499,,
9,4,11,89,96,385,385,1686271419,USDJPY-23JUN0910-T139.499,,
9,4,10,90,96,385,385,1686271419,USDJPY-23JUN0910-T139.499,,
9,4,9,91,96,385,385,1686271419,USDJPY-23JUN0910-T139.499,,
9,4,10,90,96,385,385,1686271427,USDJPY-23JUN0910-T139.499,,
9,4,9,91,96,385,385,1686271428,USDJPY-23JUN0910-T139.499,,
9,4,19,81,96,385,385,1686271439,USDJPY-23JUN0910-T139.499,,
9,5,19,81,95,385,385,1686271444,USDJPY-23JUN0910-T139.499,,
9,5,11,89,95,385,385,1686271444,USDJPY-23JUN0910-T139.499,,
9,5,10,90,95,385,385,1686271444,USDJPY-23JUN0910-T139.499,,
9,5,19,81,95,385,385,1686271465,USDJPY-23JUN0910-T139.499,,
9,6,19,81,94,385,385,1686271465,USDJPY-23JUN0910-T139.499,,
9,6,13,87,94,385,385,1686271465,USDJPY-23JUN0910-T139.499,,
9,6,12,88,94,385,385,1686271465,USDJPY-23JUN0910-T139.499,,
9,6,11,89,94,385,385,1686271465,USDJPY-23JUN0910-T139.499,,
9,6,19,81,94,385,385,1686271482,USDJPY-23JUN0910-T139.499,,
9,6,21,79,94,385,385,1686271485,USDJPY-23JUN0910-T139.499,,
9,6,23,77,94,385,385,1686271485,USDJPY-23JUN0910-T139.499,,
9,6,100,0,94,385,385,1686271486,USDJPY-23JUN0910-T139.499,,
9,6,99,1,94,385,385,1686271486,USDJPY-23JUN0910-T139.499,,
9,6,20,80,94,385,385,1686271487,USDJPY-23JUN0910-T139.499,,
9,6,11,89,94,385,385,1686271490,USDJPY-23JUN0910-T139.499,,
9,6,20,80,94,385,385,1686271505,USDJPY-23JUN0910-T139.499,,
9,6,11,89,94,385,385,1686271505,USDJPY-23JUN0910-T139.499,,
9,6,20,80,94,385,385,1686271523,USDJPY-23JUN0910-T139.499,,
9,6,11,89,94,385,385,1686271523,USDJPY-23JUN0910-T139.499,,
9,5,11,89,95,385,385,1686271526,USDJPY-23JUN0910-T139.499,,
9,5,20,80,95,385,385,1686271538,USDJPY-23JUN0910-T139.499,,
9,5,12,88,95,385,385,1686271538,USDJPY-23JUN0910-T139.499,,
9,5,10,90,95,385,385,1686271538,USDJPY-23JUN0910-T139.499,,
9,5,11,89,95,385,385,1686271547,USDJPY-23JUN0910-T139.499,,
9,5,10,90,95,385,385,1686271547,USDJPY-23JUN0910-T139.499,,
9,5,20,80,95,385,385,1686271563,USDJPY-23JUN0910-T139.499,,
9,5,11,89,95,385,385,1686271563,USDJPY-23JUN0910-T139.499,,
9,5,10,90,95,385,385,1686271563,USDJPY-23JUN0910-T139.499,,
9,5,20,80,95,385,385,1686271581,USDJPY-23JUN0910-T139.499,,
9,5,10,90,95,385,385,1686271581,USDJPY-23JUN0910-T139.499,,
9,5,20,80,95,385,385,1686271597,USDJPY-23JUN0910-T139.499,,
9,5,12,88,95,385,385,1686271597,USDJPY-23JUN0910-T139.499,,
9,5,10,90,95,385,385,1686271597,USDJPY-23JUN0910-T139.499,,
9,5,18,82,95,385,385,1686271609,USDJPY-23JUN0910-T139.499,,
9,5,10,90,95,385,385,1686271612,USDJPY-23JUN0910-T139.499,,
9,5,18,82,95,385,385,1686271628,USDJPY-23JUN0910-T139.499,,
9,5,11,89,95,385,385,1686271628,USDJPY-23JUN0910-T139.499,,
9,5,10,90,95,385,385,1686271628,USDJPY-23JUN0910-T139.499,,
9,4,18,82,96,385,385,1686271643,USDJPY-23JUN0910-T139.499,,
9,4,9,91,96,385,385,1686271643,USDJPY-23JUN0910-T139.499,,
9,4,10,90,96,385,385,1686271652,USDJPY-23JUN0910-T139.499,,
9,4,9,91,96,385,385,1686271653,USDJPY-23JUN0910-T139.499,,
9,4,18,82,96,385,385,1686271669,USDJPY-23JUN0910-T139.499,,
9,4,9,91,96,385,385,1686271669,USDJPY-23JUN0910-T139.499,,
9,4,18,82,96,385,385,1686271685,USDJPY-23JUN0910-T139.499,,
9,4,10,90,96,385,385,1686271685,USDJPY-23JUN0910-T139.499,,
9,4,9,91,96,385,385,1686271685,USDJPY-23JUN0910-T139.499,,
9,4,18,82,96,385,385,1686271708,USDJPY-23JUN0910-T139.499,,
9,4,11,89,96,385,385,1686271708,USDJPY-23JUN0910-T139.499,,
9,4,10,90,96,385,385,1686271708,USDJPY-23JUN0910-T139.499,,
9,4,9,91,96,385,385,1686271708,USDJPY-23JUN0910-T139.499,,
9,4,10,90,96,385,385,1686271717,USDJPY-23JUN0910-T139.499,,
9,4,9,91,96,385,385,1686271717,USDJPY-23JUN0910-T139.499,,
9,4,17,83,96,385,385,1686271731,USDJPY-23JUN0910-T139.499,,
9,4,11,89,96,385,385,1686271733,USDJPY-23JUN0910-T139.499,,
9,4,10,90,96,385,385,1686271733,USDJPY-23JUN0910-T139.499,,
9,4,9,91,96,385,385,1686271733,USDJPY-23JUN0910-T139.499,,
9,4,17,83,96,385,385,1686271749,USDJPY-23JUN0910-T139.499,,
9,4,10,90,96,385,385,1686271749,USDJPY-23JUN0910-T139.499,,
9,4,9,91,96,385,385,1686271749,USDJPY-23JUN0910-T139.499,,
9,4,10,90,96,385,385,1686271758,USDJPY-23JUN0910-T139.499,,
9,4,9,91,96,385,385,1686271758,USDJPY-23JUN0910-T139.499,,
9,4,17,83,96,385,385,1686271774,USDJPY-23JUN0910-T139.499,,
9,4,9,91,96,385,385,1686271774,USDJPY-23JUN0910-T139.499,,
9,4,17,83,96,385,385,1686271789,USDJPY-23JUN0910-T139.499,,
9,4,10,90,96,385,385,1686271789,USDJPY-23JUN0910-T139.499,,
9,4,9,91,96,385,385,1686271789,USDJPY-23JUN0910-T139.499,,
9,4,17,83,96,385,385,1686271805,USDJPY-23JUN0910-T139.499,,
9,4,11,89,96,385,385,1686271806,USDJPY-23JUN0910-T139.499,,
9,4,10,90,96,385,385,1686271806,USDJPY-23JUN0910-T139.499,,
9,4,9,91,96,385,385,1686271806,USDJPY-23JUN0910-T139.499,,
9,4,17,83,96,385,385,1686271824,USDJPY-23JUN0910-T139.499,,
9,4,10,90,96,385,385,1686271824,USDJPY-23JUN0910-T139.499,,
9,4,9,91,96,385,385,1686271824,USDJPY-23JUN0910-T139.499,,
9,4,10,90,96,385,385,1686271833,USDJPY-23JUN0910-T139.499,,
9,4,9,91,96,385,385,1686271833,USDJPY-23JUN0910-T139.499,,
9,4,8,92,96,385,385,1686271833,USDJPY-23JUN0910-T139.499,,
9,4,17,83,96,385,385,1686271850,USDJPY-23JUN0910-T139.499,,
9,4,10,90,96,385,385,1686271850,USDJPY-23JUN0910-T139.499,,
9,4,9,91,96,385,385,1686271850,USDJPY-23JUN0910-T139.499,,
9,4,15,85,96,385,385,1686271866,USDJPY-23JUN0910-T139.499,,
9,4,10,90,96,385,385,1686271866,USDJPY-23JUN0910-T139.499,,
9,4,9,91,96,385,385,1686271866,USDJPY-23JUN0910-T139.499,,
9,4,8,92,96,385,385,1686271866,USDJPY-23JUN0910-T139.499,,
9,4,15,85,96,385,385,1686271880,USDJPY-23JUN0910-T139.499,,
9,4,8,92,96,385,385,1686271884,USDJPY-23JUN0910-T139.499,,
9,4,7,93,96,385,385,1686271892,USDJPY-23JUN0910-T139.499,,
9,4,15,85,96,385,385,1686271908,USDJPY-23JUN0910-T139.499,,
9,4,9,91,96,385,385,1686271908,USDJPY-23JUN0910-T139.499,,
9,4,8,92,96,385,385,1686271908,USDJPY-23JUN0910-T139.499,,
9,4,7,93,96,385,385,1686271908,USDJPY-23JUN0910-T139.499,,
9,4,15,85,96,385,385,1686271925,USDJPY-23JUN0910-T139.499,,
9,4,7,93,96,385,385,1686271925,USDJPY-23JUN0910-T139.499,,
9,4,17,83,96,385,385,1686271939,USDJPY-23JUN0910-T139.499,,
9,4,19,81,96,385,385,1686271939,USDJPY-23JUN0910-T139.499,,
9,4,100,0,96,385,385,1686271940,USDJPY-23JUN0910-T139.499,,
9,4,99,1,96,385,385,1686271940,USDJPY-23JUN0910-T139.499,,
9,4,16,84,96,385,385,1686271941,USDJPY-23JUN0910-T139.499,,
9,4,8,92,96,385,385,1686271950,USDJPY-23JUN0910-T139.499,,
9,4,9,91,96,385,385,1686271958,USDJPY-23JUN0910-T139.499,,
9,4,16,84,96,385,385,1686271967,USDJPY-23JUN0910-T139.499,,
9,4,9,91,96,385,385,1686271967,USDJPY-23JUN0910-T139.499,,
9,4,8,92,96,385,385,1686271967,USDJPY-23JUN0910-T139.499,,
9,4,16,84,96,385,385,1686271984,USDJPY-23JUN0910-T139.499,,
9,4,9,91,96,385,385,1686271984,USDJPY-23JUN0910-T139.499,,
9,4,8,92,96,385,385,1686271984,USDJPY-23JUN0910-T139.499,,
9,4,19,81,96,385,385,1686271998,USDJPY-23JUN0910-T139.499,,
9,4,21,79,96,385,385,1686271998,USDJPY-23JUN0910-T139.499,,
9,4,100,0,96,385,385,1686271998,USDJPY-23JUN0910-T139.499,,
9,4,99,1,96,385,385,1686271998,USDJPY-23JUN0910-T139.499,,
9,4,10,90,96,385,385,1686272001,USDJPY-23JUN0910-T139.499,,
9,4,9,91,96,385,385,1686272001,USDJPY-23JUN0910-T139.499,,
9,5,9,91,95,385,385,1686272003,USDJPY-23JUN0910-T139.499,,
9,5,20,80,95,385,385,1686272015,USDJPY-23JUN0910-T139.499,,
9,5,22,78,95,385,385,1686272016,USDJPY-23JUN0910-T139.499,,
9,5,100,0,95,385,385,1686272016,USDJPY-23JUN0910-T139.499,,
9,5,99,1,95,385,385,1686272016,USDJPY-23JUN0910-T139.499,,
9,4,99,1,96,385,385,1686272017,USDJPY-23JUN0910-T139.499,,
9,4,100,0,96,385,385,1686272020,USDJPY-23JUN0910-T139.499,,
9,4,100,0,96,385,385,1686272020,USDJPY-23JUN0910-T139.499,,
9,4,99,1,96,385,385,1686272020,USDJPY-23JUN0910-T139.499,,
9,5,99,1,95,385,385,1686272020,USDJPY-23JUN0910-T139.499,,
9,5,12,88,95,385,385,1686272020,USDJPY-23JUN0910-T139.499,,
9,5,10,90,95,385,385,1686272020,USDJPY-23JUN0910-T139.499,,
9,4,10,90,96,385,385,1686272029,USDJPY-23JUN0910-T139.499,,
9,4,12,88,96,385,385,1686272029,USDJPY-23JUN0910-T139.499,,
9,5,12,88,95,385,385,1686272029,USDJPY-23JUN0910-T139.499,,
9,6,12,88,94,385,385,1686272029,USDJPY-23JUN0910-T139.499,,
9,6,11,89,94,385,385,1686272029,USDJPY-23JUN0910-T139.499,,
9,6,20,80,94,385,385,1686272045,USDJPY-23JUN0910-T139.499,,
9,7,20,80,93,385,385,1686272045,USDJPY-23JUN0910-T139.499,,
9,7,12,88,93,385,385,1686272045,USDJPY-23JUN0910-T139.499,,
9,4,12,88,96,385,385,1686272054,USDJPY-23JUN0910-T139.499,,
9,4,14,86,96,385,385,1686272054,USDJPY-23JUN0910-T139.499,,
9,4,20,80,96,385,385,1686272054,USDJPY-23JUN0910-T139.499,,
9,4,10,90,96,385,385,1686272055,USDJPY-23JUN0910-T139.499,,
9,4,11,89,96,385,385,1686272064,USDJPY-23JUN0910-T139.499,,
9,4,20,80,96,385,385,1686272079,USDJPY-23JUN0910-T139.499,,
9,5,20,80,95,385,385,1686272079,USDJPY-23JUN0910-T139.499,,
9,5,11,89,95,385,385,1686272079,USDJPY-23JUN0910-T139.499,,
9,4,11,89,96,385,385,1686272089,USDJPY-23JUN0910-T139.499,,
9,4,13,87,96,385,385,1686272089,USDJPY-23JUN0910-T139.499,,
9,6,13,87,94,385,385,1686272089,USDJPY-23JUN0910-T139.499,,
9,6,12,88,94,385,385,1686272089,USDJPY-23JUN0910-T139.499,,
9,7,21,79,93,385,385,1686272105,USDJPY-23JUN0910-T139.499,,
9,7,16,84,93,385,385,1686272105,USDJPY-23JUN0910-T139.499,,
9,7,13,87,93,385,385,1686272105,USDJPY-23JUN0910-T139.499,,
9,6,21,79,94,385,385,1686272122,USDJPY-23JUN0910-T139.499,,
9,7,21,79,93,385,385,1686272122,USDJPY-23JUN0910-T139.499,,
9,7,16,84,93,385,385,1686272122,USDJPY-23JUN0910-T139.499,,
9,7,13,87,93,385,385,1686272122,USDJPY-23JUN0910-T139.499,,
9,6,13,87,94,385,385,1686272131,USDJPY-23JUN0910-T139.499,,
9,6,14,86,94,385,385,1686272131,USDJPY-23JUN0910-T139.499,,
9,6,13,87,94,385,385,1686272131,USDJPY-23JUN0910-T139.499,,
9,6,12,88,94,385,385,1686272131,USDJPY-23JUN0910-T139.499,,
9,7,21,79,93,385,385,1686272143,USDJPY-23JUN0910-T139.499,,
9,5,21,79,95,385,385,1686272145,USDJPY-23JUN0910-T139.499,,
9,4,21,79,96,385,385,1686272145,USDJPY-23JUN0910-T139.499,,
9,6,21,79,94,385,385,1686272148,USDJPY-23JUN0910-T139.499,,
9,6,11,89,94,385,385,1686272148,USDJPY-23JUN0910-T139.499,,
9,6,21,79,94,385,385,1686272165,USDJPY-23JUN0910-T139.499,,
9,7,21,79,93,385,385,1686272165,USDJPY-23JUN0910-T139.499,,
9,7,12,88,93,385,385,1686272165,USDJPY-23JUN0910-T139.499,,
9,6,21,79,94,385,385,1686272188,USDJPY-23JUN0910-T139.499,,
9,7,21,79,93,385,385,1686272188,USDJPY-23JUN0910-T139.499,,
9,7,13,87,93,385,385,1686272188,USDJPY-23JUN0910-T139.499,,
9,7,12,88,93,385,385,1686272188,USDJPY-23JUN0910-T139.499,,
9,6,12,88,94,385,385,1686272197,USDJPY-23JUN0910-T139.499,,
9,6,13,87,94,385,385,1686272197,USDJPY-23JUN0910-T139.499,,
9,7,13,87,93,385,385,1686272197,USDJPY-23JUN0910-T139.499,,
9,7,12,88,93,385,385,1686272197,USDJPY-23JUN0910-T139.499,,
9,8,22,78,92,385,385,1686272212,USDJPY-23JUN0910-T139.499,,
9,8,13,87,92,385,385,1686272212,USDJPY-23JUN0910-T139.499,,
9,6,23,77,94,385,385,1686272228,USDJPY-23JUN0910-T139.499,,
9,8,23,77,92,385,385,1686272228,USDJPY-23JUN0910-T139.499,,
9,8,13,87,92,385,385,1686272228,USDJPY-23JUN0910-T139.499,,
9,6,13,87,94,385,385,1686272237,USDJPY-23JUN0910-T139.499,,
9,6,14,86,94,385,385,1686272237,USDJPY-23JUN0910-T139.499,,
9,7,14,86,93,385,385,1686272237,USDJPY-23JUN0910-T139.499,,
9,7,12,88,93,385,385,1686272237,USDJPY-23JUN0910-T139.499,,
9,7,23,77,93,385,385,1686272254,USDJPY-23JUN0910-T139.499,,
9,7,12,88,93,385,385,1686272254,USDJPY-23JUN0910-T139.499,,
9,7,23,77,93,385,385,1686272269,USDJPY-23JUN0910-T139.499,,
9,7,15,85,93,385,385,1686272269,USDJPY-23JUN0910-T139.499,,
9,7,13,87,93,385,385,1686272269,USDJPY-23JUN0910-T139.499,,
9,7,12,88,93,385,385,1686272269,USDJPY-23JUN0910-T139.499,,
9,6,23,77,94,385,385,1686272283,USDJPY-23JUN0910-T139.499,,
9,6,12,88,94,385,385,1686272285,USDJPY-23JUN0910-T139.499,,
9,6,11,89,94,385,385,1686272285,USDJPY-23JUN0910-T139.499,,
9,7,11,89,93,385,385,1686272293,USDJPY-23JUN0910-T139.499,,
9,7,23,77,93,385,385,1686272297,USDJPY-23JUN0910-T139.499,,
9,7,12,88,93,385,385,1686272302,USDJPY-23JUN0910-T139.499,,
9,7,23,77,93,385,385,1686272319,USDJPY-23JUN0910-T139.499,,
9,7,14,86,93,385,385,1686272319,USDJPY-23JUN0910-T139.499,,
9,7,13,87,93,385,385,1686272319,USDJPY-23JUN0910-T139.499,,
9,7,12,88,93,385,385,1686272319,USDJPY-23JUN0910-T139.499,,
9,7,13,87,93,385,385,1686272328,USDJPY-23JUN0910-T139.499,,
9,7,12,88,93,385,385,1686272329,USDJPY-23JUN0910-T139.499,,
9,7,22,78,93,385,385,1686272341,USDJPY-23JUN0910-T139.499,,
9,7,23,77,93,385,385,1686272342,USDJPY-23JUN0910-T139.499,,
9,7,20,80,93,385,385,1686272344,USDJPY-23JUN0910-T139.499,,
9,7,12,88,93,385,385,1686272346,USDJPY-23JUN0910-T139.499,,
9,5,20,80,95,385,385,1686272361,USDJPY-23JUN0910-T139.499,,
9,4,20,80,96,385,385,1686272361,USDJPY-23JUN0910-T139.499,,
9,7,20,80,93,385,385,1686272363,USDJPY-23JUN0910-T139.499,,
9,7,15,85,93,385,385,1686272363,USDJPY-23JUN0910-T139.499,,
9,7,13,87,93,385,385,1686272363,USDJPY-23JUN0910-T139.499,,
9,7,12,88,93,385,385,1686272363,USDJPY-23JUN0910-T139.499,,
9,6,12,88,94,385,385,1686272372,USDJPY-23JUN0910-T139.499,,
9,6,11,89,94,385,385,1686272372,USDJPY-23JUN0910-T139.499,,
9,6,20,80,94,385,385,1686272392,USDJPY-23JUN0910-T139.499,,
9,6,13,87,94,385,385,1686272392,USDJPY-23JUN0910-T139.499,,
9,6,12,88,94,385,385,1686272392,USDJPY-23JUN0910-T139.499,,
9,6,11,89,94,385,385,1686272392,USDJPY-23JUN0910-T139.499,,
9,6,22,78,94,385,385,1686272406,USDJPY-23JUN0910-T139.499,,
9,6,24,76,94,385,385,1686272406,USDJPY-23JUN0910-T139.499,,
9,6,100,0,94,385,385,1686272406,USDJPY-23JUN0910-T139.499,,
9,6,99,1,94,385,385,1686272406,USDJPY-23JUN0910-T139.499,,
9,6,13,87,94,385,385,1686272408,USDJPY-23JUN0910-T139.499,,
9,6,11,89,94,385,385,1686272408,USDJPY-23JUN0910-T139.499,,
9,7,11,89,93,385,385,1686272419,USDJPY-23JUN0910-T139.499,,
9,5,20,80,95,385,385,1686272423,USDJPY-23JUN0910-T139.499,,
9,4,20,80,96,385,385,1686272423,USDJPY-23JUN0910-T139.499,,
9,7,20,80,93,385,385,1686272425,USDJPY-23JUN0910-T139.499,,
9,7,13,87,93,385,385,1686272432,USDJPY-23JUN0910-T139.499,,
9,7,11,89,93,385,385,1686272432,USDJPY-23JUN0910-T139.499,,
9,7,12,88,93,385,385,1686272442,USDJPY-23JUN0910-T139.499,,
9,7,15,85,93,385,385,1686272451,USDJPY-23JUN0910-T139.499,,
9,7,13,87,93,385,385,1686272451,USDJPY-23JUN0910-T139.499,,
9,7,12,88,93,385,385,1686272451,USDJPY-23JUN0910-T139.499,,
9,7,21,79,93,385,385,1686272467,USDJPY-23JUN0910-T139.499,,
9,7,13,87,93,385,385,1686272467,USDJPY-23JUN0910-T139.499,,
9,7,12,88,93,385,385,1686272467,USDJPY-23JUN0910-T139.499,,
9,7,21,79,93,385,385,1686272485,USDJPY-23JUN0910-T139.499,,
9,7,13,87,93,385,385,1686272485,USDJPY-23JUN0910-T139.499,,
9,7,12,88,93,385,385,1686272485,USDJPY-23JUN0910-T139.499,,
9,7,13,87,93,385,385,1686272494,USDJPY-23JUN0910-T139.499,,
9,7,12,88,93,385,385,1686272494,USDJPY-23JUN0910-T139.499,,
9,5,21,79,95,385,385,1686272507,USDJPY-23JUN0910-T139.499,,
9,4,21,79,96,385,385,1686272507,USDJPY-23JUN0910-T139.499,,
9,6,21,79,94,385,385,1686272510,USDJPY-23JUN0910-T139.499,,
9,6,11,89,94,385,385,1686272510,USDJPY-23JUN0910-T139.499,,
9,6,21,79,94,385,385,1686272526,USDJPY-23JUN0910-T139.499,,
9,7,21,79,93,385,385,1686272526,USDJPY-23JUN0910-T139.499,,
9,7,13,87,93,385,385,1686272526,USDJPY-23JUN0910-T139.499,,
9,7,12,88,93,385,385,1686272526,USDJPY-23JUN0910-T139.499,,
9,6,21,79,94,385,385,1686272545,USDJPY-23JUN0910-T139.499,,
9,6,13,87,94,385,385,1686272545,USDJPY-23JUN0910-T139.499,,
9,6,12,88,94,385,385,1686272545,USDJPY-23JUN0910-T139.499,,
9,6,11,89,94,385,385,1686272545,USDJPY-23JUN0910-T139.499,,
9,6,12,88,94,385,385,1686272553,USDJPY-23JUN0910-T139.499,,
9,6,11,89,94,385,385,1686272553,USDJPY-23JUN0910-T139.499,,
9,6,20,80,94,385,385,1686272570,USDJPY-23JUN0910-T139.499,,
9,6,13,87,94,385,385,1686272570,USDJPY-23JUN0910-T139.499,,
9,6,12,88,94,385,385,1686272570,USDJPY-23JUN0910-T139.499,,
9,6,11,89,94,385,385,1686272570,USDJPY-23JUN0910-T139.499,,
9,6,20,80,94,385,385,1686272586,USDJPY-23JUN0910-T139.499,,
9,6,12,88,94,385,385,1686272586,USDJPY-23JUN0910-T139.499,,
9,6,11,89,94,385,385,1686272586,USDJPY-23JUN0910-T139.499,,
9,6,20,80,94,385,385,1686272603,USDJPY-23JUN0910-T139.499,,
9,6,12,88,94,385,385,1686272603,USDJPY-23JUN0910-T139.499,,
9,6,11,89,94,385,385,1686272603,USDJPY-23JUN0910-T139.499,,
9,6,11,89,94,385,385,1686272606,USDJPY-23JUN0910-T139.499,,
9,4,20,80,96,385,385,1686272620,USDJPY-23JUN0910-T139.499,,
9,5,20,80,95,385,385,1686272621,USDJPY-23JUN0910-T139.499,,
9,5,11,89,95,385,385,1686272621,USDJPY-23JUN0910-T139.499,,
9,5,10,90,95,385,385,1686272621,USDJPY-23JUN0910-T139.499,,
9,4,10,90,96,385,385,1686272629,USDJPY-23JUN0910-T139.499,,
9,4,11,89,96,385,385,1686272629,USDJPY-23JUN0910-T139.499,,
9,5,11,89,95,385,385,1686272630,USDJPY-23JUN0910-T139.499,,
9,5,10,90,95,385,385,1686272630,USDJPY-23JUN0910-T139.499,,
9,5,20,80,95,385,385,1686272645,USDJPY-23JUN0910-T139.499,,
9,5,10,90,95,385,385,1686272646,USDJPY-23JUN0910-T139.499,,
9,5,20,80,95,385,385,1686272667,USDJPY-23JUN0910-T139.499,,
9,5,11,89,95,385,385,1686272667,USDJPY-23JUN0910-T139.499,,
9,5,12,88,95,385,385,1686272676,USDJPY-23JUN0910-T139.499,,
9,6,12,88,94,385,385,1686272676,USDJPY-23JUN0910-T139.499,,
9,6,11,89,94,385,385,1686272676,USDJPY-23JUN0910-T139.499,,
9,5,20,80,95,385,385,1686272692,USDJPY-23JUN0910-T139.499,,
9,6,20,80,94,385,385,1686272692,USDJPY-23JUN0910-T139.499,,
9,6,12,88,94,385,385,1686272692,USDJPY-23JUN0910-T139.499,,
9,5,20,80,95,385,385,1686272708,USDJPY-23JUN0910-T139.499,,
9,6,20,80,94,385,385,1686272708,USDJPY-23JUN0910-T139.499,,
9,6,12,88,94,385,385,1686272708,USDJPY-23JUN0910-T139.499,,
9,8,21,79,92,385,385,1686272724,USDJPY-23JUN0910-T139.499,,
9,8,16,84,92,385,385,1686272724,USDJPY-23JUN0910-T139.499,,
9,8,13,87,92,385,385,1686272724,USDJPY-23JUN0910-T139.499,,
9,5,23,77,95,385,385,1686272736,USDJPY-23JUN0910-T139.499,,
9,5,25,75,95,385,385,1686272736,USDJPY-23JUN0910-T139.499,,
9,5,100,0,95,385,385,1686272737,USDJPY-23JUN0910-T139.499,,
9,5,99,1,95,385,385,1686272737,USDJPY-23JUN0910-T139.499,,
9,6,99,1,94,385,385,1686272740,USDJPY-23JUN0910-T139.499,,
9,7,99,1,93,385,385,1686272740,USDJPY-23JUN0910-T139.499,,
9,7,16,84,93,385,385,1686272740,USDJPY-23JUN0910-T139.499,,
9,7,14,86,93,385,385,1686272740,USDJPY-23JUN0910-T139.499,,
9,7,13,87,93,385,385,1686272740,USDJPY-23JUN0910-T139.499,,
9,8,13,87,92,385,385,1686272750,USDJPY-23JUN0910-T139.499,,
9,6,22,78,94,385,385,1686272754,USDJPY-23JUN0910-T139.499,,
9,5,22,78,95,385,385,1686272754,USDJPY-23JUN0910-T139.499,,
9,7,22,78,93,385,385,1686272756,USDJPY-23JUN0910-T139.499,,
9,7,13,87,93,385,385,1686272765,USDJPY-23JUN0910-T139.499,,
9,7,12,88,93,385,385,1686272765,USDJPY-23JUN0910-T139.499,,
9,7,22,78,93,385,385,1686272784,USDJPY-23JUN0910-T139.499,,
9,7,15,85,93,385,385,1686272784,USDJPY-23JUN0910-T139.499,,
9,7,12,88,93,385,385,1686272784,USDJPY-23JUN0910-T139.499,,
9,7,22,78,93,385,385,1686272800,USDJPY-23JUN0910-T139.499,,
9,7,14,86,93,385,385,1686272800,USDJPY-23JUN0910-T139.499,,
9,7,12,88,93,385,385,1686272800,USDJPY-23JUN0910-T139.499,,
9,7,22,78,93,385,385,1686272815,USDJPY-23JUN0910-T139.499,,
9,7,14,86,93,385,385,1686272815,USDJPY-23JUN0910-T139.499,,
9,7,13,87,93,385,385,1686272815,USDJPY-23JUN0910-T139.499,,
9,7,12,88,93,385,385,1686272815,USDJPY-23JUN0910-T139.499,,
9,7,22,78,93,385,385,1686272840,USDJPY-23JUN0910-T139.499,,
9,7,16,84,93,385,385,1686272840,USDJPY-23JUN0910-T139.499,,
9,7,13,87,93,385,385,1686272840,USDJPY-23JUN0910-T139.499,,
9,7,22,78,93,385,385,1686272856,USDJPY-23JUN0910-T139.499,,
9,7,13,87,93,385,385,1686272856,USDJPY-23JUN0910-T139.499,,
9,7,21,79,93,385,385,1686272871,USDJPY-23JUN0910-T139.499,,
9,7,13,87,93,385,385,1686272871,USDJPY-23JUN0910-T139.499,,
9,8,13,87,92,385,385,1686272877,USDJPY-23JUN0910-T139.499,,
9,8,21,79,92,385,385,1686272887,USDJPY-23JUN0910-T139.499,,
9,8,13,87,92,385,385,1686272887,USDJPY-23JUN0910-T139.499,,
9,9,23,77,91,385,385,1686272909,USDJPY-23JUN0910-T139.499,,
9,9,17,83,91,385,385,1686272909,USDJPY-23JUN0910-T139.499,,
9,9,15,85,91,385,385,1686272909,USDJPY-23JUN0910-T139.499,,
9,8,15,85,92,385,385,1686272917,USDJPY-23JUN0910-T139.499,,
9,8,17,83,92,385,385,1686272917,USDJPY-23JUN0910-T139.499,,
9,9,17,83,91,385,385,1686272917,USDJPY-23JUN0910-T139.499,,
9,9,15,85,91,385,385,1686272917,USDJPY-23JUN0910-T139.499,,
9,8,23,77,92,385,385,1686272933,USDJPY-23JUN0910-T139.499,,
9,8,17,83,92,385,385,1686272933,USDJPY-23JUN0910-T139.499,,
9,8,14,86,92,385,385,1686272933,USDJPY-23JUN0910-T139.499,,
9,8,17,83,92,385,385,1686272942,USDJPY-23JUN0910-T139.499,,
9,8,15,85,92,385,385,1686272942,USDJPY-23JUN0910-T139.499,,
9,8,99,1,92,385,385,1686272954,USDJPY-23JUN0910-T139.499,,
9,8,100,0,92,385,385,1686272959,USDJPY-23JUN0910-T139.499,,
9,9,99,1,91,385,385,1686272959,USDJPY-23JUN0910-T139.499,,
9,10,99,1,90,385,385,1686272959,USDJPY-23JUN0910-T139.499,,
9,10,18,82,90,385,385,1686272959,USDJPY-23JUN0910-T139.499,,
9,10,17,83,90,385,385,1686272959,USDJPY-23JUN0910-T139.499,,
9,10,15,85,90,385,385,1686272959,USDJPY-23JUN0910-T139.499,,
9,9,23,77,91,385,385,1686272974,USDJPY-23JUN0910-T139.499,,
9,9,17,83,91,385,385,1686272974,USDJPY-23JUN0910-T139.499,,
9,9,15,85,91,385,385,1686272974,USDJPY-23JUN0910-T139.499,,
9,9,14,86,91,385,385,1686272974,USDJPY-23JUN0910-T139.499,,
9,9,23,77,91,385,385,1686272990,USDJPY-23JUN0910-T139.499,,
9,9,15,85,91,385,385,1686272990,USDJPY-23JUN0910-T139.499,,
9,9,14,86,91,385,385,1686272990,USDJPY-23JUN0910-T139.499,,
9,8,14,86,92,385,385,1686273006,USDJPY-23JUN0910-T139.499,,
9,8,15,85,92,385,385,1686273006,USDJPY-23JUN0910-T139.499,,
9,8,23,77,92,385,385,1686273006,USDJPY-23JUN0910-T139.499,,
9,8,14,86,92,385,385,1686273006,USDJPY-23JUN0910-T139.499,,
9,8,13,87,92,385,385,1686273006,USDJPY-23JUN0910-T139.499,,
9,8,23,77,92,385,385,1686273026,USDJPY-23JUN0910-T139.499,,
9,8,13,87,92,385,385,1686273026,USDJPY-23JUN0910-T139.499,,
9,8,23,77,92,385,385,1686273050,USDJPY-23JUN0910-T139.499,,
9,8,13,87,92,385,385,1686273050,USDJPY-23JUN0910-T139.499,,
9,6,23,77,94,385,385,1686273064,USDJPY-23JUN0910-T139.499,,
9,4,23,77,96,385,385,1686273064,USDJPY-23JUN0910-T139.499,,
9,5,23,77,95,385,385,1686273066,USDJPY-23JUN0910-T139.499,,
9,7,23,77,93,385,385,1686273066,USDJPY-23JUN0910-T139.499,,
9,7,13,87,93,385,385,1686273066,USDJPY-23JUN0910-T139.499,,
9,7,12,88,93,385,385,1686273066,USDJPY-23JUN0910-T139.499,,
9,4,21,79,96,385,385,1686273081,USDJPY-23JUN0910-T139.499,,
9,5,21,79,95,385,385,1686273085,USDJPY-23JUN0910-T139.499,,
9,7,21,79,93,385,385,1686273085,USDJPY-23JUN0910-T139.499,,
9,7,16,84,93,385,385,1686273085,USDJPY-23JUN0910-T139.499,,
9,7,14,86,93,385,385,1686273085,USDJPY-23JUN0910-T139.499,,
9,7,13,87,93,385,385,1686273085,USDJPY-23JUN0910-T139.499,,
9,8,13,87,92,385,385,1686273093,USDJPY-23JUN0910-T139.499,,
9,8,23,77,92,385,385,1686273104,USDJPY-23JUN0910-T139.499,,
9,8,25,75,92,385,385,1686273104,USDJPY-23JUN0910-T139.499,,
9,8,27,73,92,385,385,1686273104,USDJPY-23JUN0910-T139.499,,
9,6,27,73,94,385,385,1686273106,USDJPY-23JUN0910-T139.499,,
9,4,27,73,96,385,385,1686273106,USDJPY-23JUN0910-T139.499,,
9,4,21,79,96,385,385,1686273106,USDJPY-23JUN0910-T139.499,,
9,5,21,79,95,385,385,1686273109,USDJPY-23JUN0910-T139.499,,
9,7,21,79,93,385,385,1686273109,USDJPY-23JUN0910-T139.499,,
9,7,14,86,93,385,385,1686273109,USDJPY-23JUN0910-T139.499,,
9,7,13,87,93,385,385,1686273109,USDJPY-23JUN0910-T139.499,,
9,7,12,88,93,385,385,1686273109,USDJPY-23JUN0910-T139.499,,
9,7,21,79,93,385,385,1686273125,USDJPY-23JUN0910-T139.499,,
9,7,14,86,93,385,385,1686273125,USDJPY-23JUN0910-T139.499,,
9,7,13,87,93,385,385,1686273125,USDJPY-23JUN0910-T139.499,,
9,7,12,88,93,385,385,1686273125,USDJPY-23JUN0910-T139.499,,
9,7,21,79,93,385,385,1686273150,USDJPY-23JUN0910-T139.499,,
9,7,13,87,93,385,385,1686273150,USDJPY-23JUN0910-T139.499,,
9,7,12,88,93,385,385,1686273150,USDJPY-23JUN0910-T139.499,,
9,7,13,87,93,385,385,1686273159,USDJPY-23JUN0910-T139.499,,
9,7,12,88,93,385,385,1686273159,USDJPY-23JUN0910-T139.499,,
9,7,21,79,93,385,385,1686273174,USDJPY-23JUN0910-T139.499,,
9,8,21,79,92,385,385,1686273174,USDJPY-23JUN0910-T139.499,,
9,8,13,87,92,385,385,1686273174,USDJPY-23JUN0910-T139.499,,
9,7,13,87,93,385,385,1686273183,USDJPY-23JUN0910-T139.499,,
9,7,15,85,93,385,385,1686273183,USDJPY-23JUN0910-T139.499,,
9,7,16,84,93,385,385,1686273183,USDJPY-23JUN0910-T139.499,,
9,8,16,84,92,385,385,1686273183,USDJPY-23JUN0910-T139.499,,
9,8,14,86,92,385,385,1686273183,USDJPY-23JUN0910-T139.499,,
9,8,13,87,92,385,385,1686273183,USDJPY-23JUN0910-T139.499,,
9,7,22,78,93,385,385,1686273201,USDJPY-23JUN0910-T139.499,,
9,8,22,78,92,385,385,1686273201,USDJPY-23JUN0910-T139.499,,
9,8,16,84,92,385,385,1686273201,USDJPY-23JUN0910-T139.499,,
9,8,13,87,92,385,385,1686273201,USDJPY-23JUN0910-T139.499,,
9,7,22,78,93,385,385,1686273219,USDJPY-23JUN0910-T139.499,,
9,8,22,78,92,385,385,1686273219,USDJPY-23JUN0910-T139.499,,
9,8,13,87,92,385,385,1686273219,USDJPY-23JUN0910-T139.499,,
9,8,22,78,92,385,385,1686273231,USDJPY-23JUN0910-T139.499,,
9,8,13,87,92,385,385,1686273235,USDJPY-23JUN0910-T139.499,,
9,8,22,78,92,385,385,1686273260,USDJPY-23JUN0910-T139.499,,
9,8,13,87,92,385,385,1686273260,USDJPY-23JUN0910-T139.499,,
9,8,22,78,92,385,385,1686273276,USDJPY-23JUN0910-T139.499,,
9,8,14,86,92,385,385,1686273276,USDJPY-23JUN0910-T139.499,,
9,8,13,87,92,385,385,1686273276,USDJPY-23JUN0910-T139.499,,
9,8,12,88,92,385,385,1686273276,USDJPY-23JUN0910-T139.499,,
9,7,12,88,93,385,385,1686273279,USDJPY-23JUN0910-T139.499,,
9,8,12,88,92,385,385,1686273282,USDJPY-23JUN0910-T139.499,,
9,8,22,78,92,385,385,1686273292,USDJPY-23JUN0910-T139.499,,
9,8,13,87,92,385,385,1686273292,USDJPY-23JUN0910-T139.499,,
9,8,22,78,92,385,385,1686273303,USDJPY-23JUN0910-T139.499,,
9,8,13,87,92,385,385,1686273308,USDJPY-23JUN0910-T139.499,,
9,8,22,78,92,385,385,1686273326,USDJPY-23JUN0910-T139.499,,
9,8,16,84,92,385,385,1686273326,USDJPY-23JUN0910-T139.499,,
9,8,13,87,92,385,385,1686273326,USDJPY-23JUN0910-T139.499,,
9,8,14,86,92,385,385,1686273335,USDJPY-23JUN0910-T139.499,,
9,8,16,84,92,385,385,1686273335,USDJPY-23JUN0910-T139.499,,
9,8,13,87,92,385,385,1686273335,USDJPY-23JUN0910-T139.499,,
9,8,22,78,92,385,385,1686273351,USDJPY-23JUN0910-T139.499,,
9,8,14,86,92,385,385,1686273351,USDJPY-23JUN0910-T139.499,,
9,8,13,87,92,385,385,1686273351,USDJPY-23JUN0910-T139.499,,
9,8,22,78,92,385,385,1686273367,USDJPY-23JUN0910-T139.499,,
9,8,13,87,92,385,385,1686273367,USDJPY-23JUN0910-T139.499,,
9,6,22,78,94,385,385,1686273381,USDJPY-23JUN0910-T139.499,,
9,4,22,78,96,385,385,1686273381,USDJPY-23JUN0910-T139.499,,
9,7,22,78,93,385,385,1686273386,USDJPY-23JUN0910-T139.499,,
9,7,16,84,93,385,385,1686273393,USDJPY-23JUN0910-T139.499,,
9,7,13,87,93,385,385,1686273393,USDJPY-23JUN0910-T139.499,,
9,7,12,88,93,385,385,1686273403,USDJPY-23JUN0910-T139.499,,
9,7,21,79,93,385,385,1686273423,USDJPY-23JUN0910-T139.499,,
9,7,12,88,93,385,385,1686273426,USDJPY-23JUN0910-T139.499,,
9,7,21,79,93,385,385,1686273443,USDJPY-23JUN0910-T139.499,,
9,7,14,86,93,385,385,1686273443,USDJPY-23JUN0910-T139.499,,
9,7,12,88,93,385,385,1686273443,USDJPY-23JUN0910-T139.499,,
9,7,21,79,93,385,385,1686273459,USDJPY-23JUN0910-T139.499,,
9,7,14,86,93,385,385,1686273459,USDJPY-23JUN0910-T139.499,,
9,7,12,88,93,385,385,1686273459,USDJPY-23JUN0910-T139.499,,
9,7,21,79,93,385,385,1686273475,USDJPY-23JUN0910-T139.499,,
9,7,16,84,93,385,385,1686273475,USDJPY-23JUN0910-T139.499,,
9,7,13,87,93,385,385,1686273475,USDJPY-23JUN0910-T139.499,,
9,7,21,79,93,385,385,1686273491,USDJPY-23JUN0910-T139.499,,
9,7,12,88,93,385,385,1686273491,USDJPY-23JUN0910-T139.499,,
9,8,21,79,92,385,385,1686273506,USDJPY-23JUN0910-T139.499,,
9,8,14,86,92,385,385,1686273506,USDJPY-23JUN0910-T139.499,,
9,8,13,87,92,385,385,1686273506,USDJPY-23JUN0910-T139.499,,
9,8,12,88,92,385,385,1686273507,USDJPY-23JUN0910-T139.499,,
9,8,13,87,92,385,385,1686273515,USDJPY-23JUN0910-T139.499,,
9,6,16,84,94,385,385,1686273528,USDJPY-23JUN0910-T139.499,,
9,4,16,84,96,385,385,1686273528,USDJPY-23JUN0910-T139.499,,
9,6,21,79,94,385,385,1686273531,USDJPY-23JUN0910-T139.499,,
9,7,21,79,93,385,385,1686273531,USDJPY-23JUN0910-T139.499,,
9,7,12,88,93,385,385,1686273531,USDJPY-23JUN0910-T139.499,,
9,8,12,88,92,385,385,1686273534,USDJPY-23JUN0910-T139.499,,
9,8,21,79,92,385,385,1686273543,USDJPY-23JUN0910-T139.499,,
9,8,13,87,92,385,385,1686273547,USDJPY-23JUN0910-T139.499,,
9,8,21,79,92,385,385,1686273563,USDJPY-23JUN0910-T139.499,,
9,8,14,86,92,385,385,1686273563,USDJPY-23JUN0910-T139.499,,
9,8,13,87,92,385,385,1686273563,USDJPY-23JUN0910-T139.499,,
9,8,12,88,92,385,385,1686273563,USDJPY-23JUN0910-T139.499,,
9,8,22,78,92,385,385,1686273579,USDJPY-23JUN0910-T139.499,,
9,8,14,86,92,385,385,1686273579,USDJPY-23JUN0910-T139.499,,
9,8,13,87,92,385,385,1686273579,USDJPY-23JUN0910-T139.499,,
9,8,22,78,92,385,385,1686273595,USDJPY-23JUN0910-T139.499,,
9,8,16,84,92,385,385,1686273595,USDJPY-23JUN0910-T139.499,,
9,8,14,86,92,385,385,1686273595,USDJPY-23JUN0910-T139.499,,
9,8,13,87,92,385,385,1686273595,USDJPY-23JUN0910-T139.499,,
9,8,22,78,92,385,385,1686273616,USDJPY-23JUN0910-T139.499,,
9,8,13,87,92,385,385,1686273616,USDJPY-23JUN0910-T139.499,,
9,8,22,78,92,385,385,1686273629,USDJPY-23JUN0910-T139.499,,
9,8,14,86,92,385,385,1686273629,USDJPY-23JUN0910-T139.499,,
9,8,13,87,92,385,385,1686273629,USDJPY-23JUN0910-T139.499,,
9,8,14,86,92,385,385,1686273638,USDJPY-23JUN0910-T139.499,,
9,8,16,84,92,385,385,1686273638,USDJPY-23JUN0910-T139.499,,
9,8,15,85,92,385,385,1686273638,USDJPY-23JUN0910-T139.499,,
9,8,13,87,92,385,385,1686273638,USDJPY-23JUN0910-T139.499,,
9,8,22,78,92,385,385,1686273654,USDJPY-23JUN0910-T139.499,,
9,8,16,84,92,385,385,1686273654,USDJPY-23JUN0910-T139.499,,
9,8,13,87,92,385,385,1686273654,USDJPY-23JUN0910-T139.499,,
9,8,22,78,92,385,385,1686273670,USDJPY-23JUN0910-T139.499,,
9,8,13,87,92,385,385,1686273670,USDJPY-23JUN0910-T139.499,,
9,8,22,78,92,385,385,1686273688,USDJPY-23JUN0910-T139.499,,
9,8,13,87,92,385,385,1686273688,USDJPY-23JUN0910-T139.499,,
9,8,14,86,92,385,385,1686273696,USDJPY-23JUN0910-T139.499,,
9,8,13,87,92,385,385,1686273697,USDJPY-23JUN0910-T139.499,,
9,8,22,78,92,385,385,1686273712,USDJPY-23JUN0910-T139.499,,
9,9,22,78,91,385,385,1686273712,USDJPY-23JUN0910-T139.499,,
9,9,17,83,91,385,385,1686273712,USDJPY-23JUN0910-T139.499,,
9,9,16,84,91,385,385,1686273712,USDJPY-23JUN0910-T139.499,,
9,9,14,86,91,385,385,1686273712,USDJPY-23JUN0910-T139.499,,
9,8,22,78,92,385,385,1686273728,USDJPY-23JUN0910-T139.499,,
9,8,14,86,92,385,385,1686273728,USDJPY-23JUN0910-T139.499,,
9,8,13,87,92,385,385,1686273728,USDJPY-23JUN0910-T139.499,,
9,8,22,78,92,385,385,1686273745,USDJPY-23JUN0910-T139.499,,
9,8,17,83,92,385,385,1686273745,USDJPY-23JUN0910-T139.499,,
9,8,14,86,92,385,385,1686273745,USDJPY-23JUN0910-T139.499,,
9,8,22,78,92,385,385,1686273761,USDJPY-23JUN0910-T139.499,,
9,8,14,86,92,385,385,1686273761,USDJPY-23JUN0910-T139.499,,
9,9,22,78,91,385,385,1686273777,USDJPY-23JUN0910-T139.499,,
9,9,13,87,91,385,385,1686273777,USDJPY-23JUN0910-T139.499,,
9,9,99,1,91,385,385,1686273790,USDJPY-23JUN0910-T139.499,,
9,9,23,77,91,385,385,1686273790,USDJPY-23JUN0910-T139.499,,
9,9,15,85,91,385,385,1686273793,USDJPY-23JUN0910-T139.499,,
9,9,14,86,91,385,385,1686273793,USDJPY-23JUN0910-T139.499,,
9,9,23,77,91,385,385,1686273802,USDJPY-23JUN0910-T139.499,,
9,9,13,87,91,385,385,1686273802,USDJPY-23JUN0910-T139.499,,
9,9,23,77,91,385,385,1686273821,USDJPY-23JUN0910-T139.499,,
9,9,16,84,91,385,385,1686273821,USDJPY-23JUN0910-T139.499,,
9,9,14,86,91,385,385,1686273821,USDJPY-23JUN0910-T139.499,,
9,9,23,77,91,385,385,1686273836,USDJPY-23JUN0910-T139.499,,
9,9,15,85,91,385,385,1686273836,USDJPY-23JUN0910-T139.499,,
9,9,23,77,91,385,385,1686273855,USDJPY-23JUN0910-T139.499,,
9,9,17,83,91,385,385,1686273855,USDJPY-23JUN0910-T139.499,,
9,9,14,86,91,385,385,1686273855,USDJPY-23JUN0910-T139.499,,
9,8,14,86,92,385,385,1686273858,USDJPY-23JUN0910-T139.499,,
9,8,23,77,92,385,385,1686273868,USDJPY-23JUN0910-T139.499,,
9,8,14,86,92,385,385,1686273868,USDJPY-23JUN0910-T139.499,,
9,8,13,87,92,385,385,1686273868,USDJPY-23JUN0910-T139.499,,
9,8,14,86,92,385,385,1686273877,USDJPY-23JUN0910-T139.499,,
9,8,23,77,92,385,385,1686273893,USDJPY-23JUN0910-T139.499,,
9,8,16,84,92,385,385,1686273893,USDJPY-23JUN0910-T139.499,,
9,8,14,86,92,385,385,1686273893,USDJPY-23JUN0910-T139.499,,
9,8,23,77,92,385,385,1686273909,USDJPY-23JUN0910-T139.499,,
9,9,23,77,91,385,385,1686273909,USDJPY-23JUN0910-T139.499,,
9,9,16,84,91,385,385,1686273909,USDJPY-23JUN0910-T139.499,,
9,9,14,86,91,385,385,1686273909,USDJPY-23JUN0910-T139.499,,
9,8,23,77,92,385,385,1686273925,USDJPY-23JUN0910-T139.499,,
9,9,23,77,91,385,385,1686273925,USDJPY-23JUN0910-T139.499,,
9,9,17,83,91,385,385,1686273925,USDJPY-23JUN0910-T139.499,,
9,9,15,85,91,385,385,1686273925,USDJPY-23JUN0910-T139.499,,
9,9,14,86,91,385,385,1686273925,USDJPY-23JUN0910-T139.499,,
9,8,23,77,92,385,385,1686273941,USDJPY-23JUN0910-T139.499,,
9,9,23,77,91,385,385,1686273941,USDJPY-23JUN0910-T139.499,,
9,9,17,83,91,385,385,1686273941,USDJPY-23JUN0910-T139.499,,
9,9,15,85,91,385,385,1686273941,USDJPY-23JUN0910-T139.499,,
9,9,14,86,91,385,385,1686273941,USDJPY-23JUN0910-T139.499,,
9,8,25,75,92,385,385,1686273956,USDJPY-23JUN0910-T139.499,,
9,8,27,73,92,385,385,1686273956,USDJPY-23JUN0910-T139.499,,
9,8,100,0,92,385,385,1686273956,USDJPY-23JUN0910-T139.499,,
9,8,99,1,92,385,385,1686273956,USDJPY-23JUN0910-T139.499,,
9,8,100,0,92,385,385,1686273956,USDJPY-23JUN0910-T139.499,,
9,9,99,1,91,385,385,1686273956,USDJPY-23JUN0910-T139.499,,
9,10,99,1,90,385,385,1686273957,USDJPY-23JUN0910-T139.499,,
9,10,18,82,90,385,385,1686273957,USDJPY-23JUN0910-T139.499,,
9,10,17,83,90,385,385,1686273957,USDJPY-23JUN0910-T139.499,,
9,10,15,85,90,385,385,1686273957,USDJPY-23JUN0910-T139.499,,
9,8,23,77,92,385,385,1686273972,USDJPY-23JUN0910-T139.499,,
9,9,23,77,91,385,385,1686273972,USDJPY-23JUN0910-T139.499,,
9,9,18,82,91,385,385,1686273972,USDJPY-23JUN0910-T139.499,,
9,9,15,85,91,385,385,1686273972,USDJPY-23JUN0910-T139.499,,
9,10,15,85,90,385,385,1686273981,USDJPY-23JUN0910-T139.499,,
9,10,23,77,90,385,385,1686273984,USDJPY-23JUN0910-T139.499,,
9,10,17,83,90,385,385,1686273989,USDJPY-23JUN0910-T139.499,,
9,10,15,85,90,385,385,1686273989,USDJPY-23JUN0910-T139.499,,
9,10,17,83,90,385,385,1686273999,USDJPY-23JUN0910-T139.499,,
9,10,15,85,90,385,385,1686273999,USDJPY-23JUN0910-T139.499,,
9,10,99,1,90,385,385,1686274011,USDJPY-23JUN0910-T139.499,,
9,10,25,75,90,385,385,1686274011,USDJPY-23JUN0910-T139.499,,
9,11,25,75,89,385,385,1686274014,USDJPY-23JUN0910-T139.499,,
9,11,17,83,89,385,385,1686274014,USDJPY-23JUN0910-T139.499,,
9,10,27,73,90,385,385,1686274030,USDJPY-23JUN0910-T139.499,,
9,12,27,73,88,385,385,1686274030,USDJPY-23JUN0910-T139.499,,
9,12,18,82,88,385,385,1686274030,USDJPY-23JUN0910-T139.499,,
9,10,27,73,90,385,385,1686274046,USDJPY-23JUN0910-T139.499,,
9,12,27,73,88,385,385,1686274046,USDJPY-23JUN0910-T139.499,,
9,12,20,80,88,385,385,1686274046,USDJPY-23JUN0910-T139.499,,
9,12,18,82,88,385,385,1686274046,USDJPY-23JUN0910-T139.499,,
9,11,27,73,89,385,385,1686274063,USDJPY-23JUN0910-T139.499,,
9,12,27,73,88,385,385,1686274063,USDJPY-23JUN0910-T139.499,,
9,12,18,82,88,385,385,1686274063,USDJPY-23JUN0910-T139.499,,
9,11,18,82,89,385,385,1686274072,USDJPY-23JUN0910-T139.499,,
9,10,18,82,90,385,385,1686274072,USDJPY-23JUN0910-T139.499,,
9,10,20,80,90,385,385,1686274072,USDJPY-23JUN0910-T139.499,,
9,10,17,83,90,385,385,1686274072,USDJPY-23JUN0910-T139.499,,
9,10,27,73,90,385,385,1686274089,USDJPY-23JUN0910-T139.499,,
9,11,27,73,89,385,385,1686274089,USDJPY-23JUN0910-T139.499,,
9,11,20,80,89,385,385,1686274089,USDJPY-23JUN0910-T139.499,,
9,11,19,81,89,385,385,1686274089,USDJPY-23JUN0910-T139.499,,
9,11,17,83,89,385,385,1686274089,USDJPY-23JUN0910-T139.499,,
9,12,27,73,88,385,385,1686274104,USDJPY-23JUN0910-T139.499,,
9,12,18,82,88,385,385,1686274115,USDJPY-23JUN0910-T139.499,,
9,12,20,80,88,385,385,1686274124,USDJPY-23JUN0910-T139.499,,
9,12,18,82,88,385,385,1686274124,USDJPY-23JUN0910-T139.499,,
9,12,27,73,88,385,385,1686274132,USDJPY-23JUN0910-T139.499,,
9,13,27,73,87,385,385,1686274132,USDJPY-23JUN0910-T139.499,,
9,13,18,82,87,385,385,1686274132,USDJPY-23JUN0910-T139.499,,
9,12,27,73,88,385,385,1686274145,USDJPY-23JUN0910-T139.499,,
9,13,27,73,87,385,385,1686274149,USDJPY-23JUN0910-T139.499,,
9,13,20,80,87,385,385,1686274149,USDJPY-23JUN0910-T139.499,,
9,13,18,82,87,385,385,1686274149,USDJPY-23JUN0910-T139.499,,
9,12,27,73,88,385,385,1686274166,USDJPY-23JUN0910-T139.499,,
9,13,27,73,87,385,385,1686274166,USDJPY-23JUN0910-T139.499,,
9,13,18,82,87,385,385,1686274166,USDJPY-23JUN0910-T139.499,,
9,12,27,73,88,385,385,1686274183,USDJPY-23JUN0910-T139.499,,
9,13,27,73,87,385,385,1686274183,USDJPY-23JUN0910-T139.499,,
9,13,20,80,87,385,385,1686274183,USDJPY-23JUN0910-T139.499,,
9,13,18,82,87,385,385,1686274183,USDJPY-23JUN0910-T139.499,,
9,12,18,82,88,385,385,1686274191,USDJPY-23JUN0910-T139.499,,
9,12,20,80,88,385,385,1686274191,USDJPY-23JUN0910-T139.499,,
9,13,20,80,87,385,385,1686274192,USDJPY-23JUN0910-T139.499,,
9,13,18,82,87,385,385,1686274192,USDJPY-23JUN0910-T139.499,,
9,12,27,73,88,385,385,1686274207,USDJPY-23JUN0910-T139.499,,
9,12,21,79,88,385,385,1686274207,USDJPY-23JUN0910-T139.499,,
9,12,20,80,88,385,385,1686274207,USDJPY-23JUN0910-T139.499,,
9,12,18,82,88,385,385,1686274207,USDJPY-23JUN0910-T139.499,,
9,13,27,73,87,385,385,1686274225,USDJPY-23JUN0910-T139.499,,
9,13,21,79,87,385,385,1686274227,USDJPY-23JUN0910-T139.499,,
9,13,18,82,87,385,385,1686274227,USDJPY-23JUN0910-T139.499,,
9,13,27,73,87,385,385,1686274242,USDJPY-23JUN0910-T139.499,,
9,13,18,82,87,385,385,1686274242,USDJPY-23JUN0910-T139.499,,
9,13,27,73,87,385,385,1686274258,USDJPY-23JUN0910-T139.499,,
9,13,21,79,87,385,385,1686274258,USDJPY-23JUN0910-T139.499,,
9,13,19,81,87,385,385,1686274258,USDJPY-23JUN0910-T139.499,,
9,13,21,79,87,385,385,1686274267,USDJPY-23JUN0910-T139.499,,
9,13,18,82,87,385,385,1686274267,USDJPY-23JUN0910-T139.499,,
9,11,27,73,89,385,385,1686274282,USDJPY-23JUN0910-T139.499,,
9,9,27,73,91,385,385,1686274282,USDJPY-23JUN0910-T139.499,,
9,4,27,73,96,385,385,1686274282,USDJPY-23JUN0910-T139.499,,
9,12,27,73,88,385,385,1686274284,USDJPY-23JUN0910-T139.499,,
9,12,20,80,88,385,385,1686274285,USDJPY-23JUN0910-T139.499,,
9,12,17,83,88,385,385,1686274285,USDJPY-23JUN0910-T139.499,,
9,12,27,73,88,385,385,1686274303,USDJPY-23JUN0910-T139.499,,
9,13,27,73,87,385,385,1686274303,USDJPY-23JUN0910-T139.499,,
9,13,22,78,87,385,385,1686274303,USDJPY-23JUN0910-T139.499,,
9,13,19,81,87,385,385,1686274303,USDJPY-23JUN0910-T139.499,,
9,12,100,0,88,385,385,1686274314,USDJPY-23JUN0910-T139.499,,
9,12,99,1,88,385,385,1686274314,USDJPY-23JUN0910-T139.499,,
9,12,28,72,88,385,385,1686274318,USDJPY-23JUN0910-T139.499,,
9,14,28,72,86,385,385,1686274319,USDJPY-23JUN0910-T139.499,,
9,14,22,78,86,385,385,1686274319,USDJPY-23JUN0910-T139.499,,
9,14,21,79,86,385,385,1686274319,USDJPY-23JUN0910-T139.499,,
9,14,19,81,86,385,385,1686274319,USDJPY-23JUN0910-T139.499,,
9,12,19,81,88,385,385,1686274327,USDJPY-23JUN0910-T139.499,,
9,13,19,81,87,385,385,1686274327,USDJPY-23JUN0910-T139.499,,
9,14,19,81,86,385,385,1686274327,USDJPY-23JUN0910-T139.499,,
9,12,28,72,88,385,385,1686274354,USDJPY-23JUN0910-T139.499,,
9,13,28,72,87,385,385,1686274354,USDJPY-23JUN0910-T139.499,,
9,13,22,78,87,385,385,1686274354,USDJPY-23JUN0910-T139.499,,
9,13,19,81,87,385,385,1686274354,USDJPY-23JUN0910-T139.499,,
9,14,28,72,86,385,385,1686274379,USDJPY-23JUN0910-T139.499,,
9,14,22,78,86,385,385,1686274379,USDJPY-23JUN0910-T139.499,,
9,14,21,79,86,385,385,1686274379,USDJPY-23JUN0910-T139.499,,
9,14,19,81,86,385,385,1686274379,USDJPY-23JUN0910-T139.499,,
9,12,19,81,88,385,385,1686274388,USDJPY-23JUN0910-T139.499,,
9,12,22,78,88,385,385,1686274388,USDJPY-23JUN0910-T139.499,,
9,14,22,78,86,385,385,1686274388,USDJPY-23JUN0910-T139.499,,
9,14,20,80,86,385,385,1686274388,USDJPY-23JUN0910-T139.499,,
9,12,28,72,88,385,385,1686274404,USDJPY-23JUN0910-T139.499,,
9,14,28,72,86,385,385,1686274404,USDJPY-23JUN0910-T139.499,,
9,14,21,79,86,385,385,1686274404,USDJPY-23JUN0910-T139.499,,
9,14,19,81,86,385,385,1686274404,USDJPY-23JUN0910-T139.499,,
9,14,28,72,86,385,385,1686274423,USDJPY-23JUN0910-T139.499,,
9,14,19,81,86,385,385,1686274423,USDJPY-23JUN0910-T139.499,,
9,14,28,72,86,385,385,1686274438,USDJPY-23JUN0910-T139.499,,
9,14,19,81,86,385,385,1686274438,USDJPY-23JUN0910-T139.499,,
9,14,21,79,86,385,385,1686274448,USDJPY-23JUN0910-T139.499,,
9,14,22,78,86,385,385,1686274448,USDJPY-23JUN0910-T139.499,,
9,14,20,80,86,385,385,1686274448,USDJPY-23JUN0910-T139.499,,
9,14,28,72,86,385,385,1686274465,USDJPY-23JUN0910-T139.499,,
9,14,22,78,86,385,385,1686274465,USDJPY-23JUN0910-T139.499,,
9,14,20,80,86,385,385,1686274465,USDJPY-23JUN0910-T139.499,,
9,14,28,72,86,385,385,1686274483,USDJPY-23JUN0910-T139.499,,
9,14,21,79,86,385,385,1686274483,USDJPY-23JUN0910-T139.499,,
9,14,19,81,86,385,385,1686274483,USDJPY-23JUN0910-T139.499,,
9,14,28,72,86,385,385,1686274498,USDJPY-23JUN0910-T139.499,,
9,14,22,78,86,385,385,1686274498,USDJPY-23JUN0910-T139.499,,
9,14,19,81,86,385,385,1686274498,USDJPY-23JUN0910-T139.499,,
9,12,28,72,88,385,385,1686274511,USDJPY-23JUN0910-T139.499,,
9,10,28,72,90,385,385,1686274511,USDJPY-23JUN0910-T139.499,,
9,4,28,72,96,385,385,1686274511,USDJPY-23JUN0910-T139.499,,
9,11,28,72,89,385,385,1686274514,USDJPY-23JUN0910-T139.499,,
9,13,28,72,87,385,385,1686274514,USDJPY-23JUN0910-T139.499,,
9,13,21,79,87,385,385,1686274514,USDJPY-23JUN0910-T139.499,,
9,13,19,81,87,385,385,1686274514,USDJPY-23JUN0910-T139.499,,
9,13,28,72,87,385,385,1686274529,USDJPY-23JUN0910-T139.499,,
9,13,20,80,87,385,385,1686274529,USDJPY-23JUN0910-T139.499,,
9,13,18,82,87,385,385,1686274529,USDJPY-23JUN0910-T139.499,,
9,13,20,80,87,385,385,1686274538,USDJPY-23JUN0910-T139.499,,
9,13,18,82,87,385,385,1686274538,USDJPY-23JUN0910-T139.499,,
9,11,28,72,89,385,385,1686274551,USDJPY-23JUN0910-T139.499,,
9,9,28,72,91,385,385,1686274551,USDJPY-23JUN0910-T139.499,,
9,4,28,72,96,385,385,1686274551,USDJPY-23JUN0910-T139.499,,
9,13,28,72,87,385,385,1686274553,USDJPY-23JUN0910-T139.499,,
9,13,19,81,87,385,385,1686274554,USDJPY-23JUN0910-T139.499,,
9,13,17,83,87,385,385,1686274554,USDJPY-23JUN0910-T139.499,,
9,13,26,74,87,385,385,1686274569,USDJPY-23JUN0910-T139.499,,
9,13,18,82,87,385,385,1686274569,USDJPY-23JUN0910-T139.499,,
9,13,28,72,87,385,385,1686274581,USDJPY-23JUN0910-T139.499,,
9,13,30,70,87,385,385,1686274581,USDJPY-23JUN0910-T139.499,,
9,13,27,73,87,385,385,1686274584,USDJPY-23JUN0910-T139.499,,
9,13,20,80,87,385,385,1686274594,USDJPY-23JUN0910-T139.499,,
9,13,18,82,87,385,385,1686274594,USDJPY-23JUN0910-T139.499,,
9,13,20,80,87,385,385,1686274602,USDJPY-23JUN0910-T139.499,,
9,13,18,82,87,385,385,1686274603,USDJPY-23JUN0910-T139.499,,
9,13,27,73,87,385,385,1686274618,USDJPY-23JUN0910-T139.499,,
9,13,21,79,87,385,385,1686274618,USDJPY-23JUN0910-T139.499,,
9,13,20,80,87,385,385,1686274618,USDJPY-23JUN0910-T139.499,,
9,13,18,82,87,385,385,1686274618,USDJPY-23JUN0910-T139.499,,
9,13,27,73,87,385,385,1686274634,USDJPY-23JUN0910-T139.499,,
9,13,21,79,87,385,385,1686274634,USDJPY-23JUN0910-T139.499,,
9,13,18,82,87,385,385,1686274634,USDJPY-23JUN0910-T139.499,,
9,13,27,73,87,385,385,1686274649,USDJPY-23JUN0910-T139.499,,
9,13,20,80,87,385,385,1686274649,USDJPY-23JUN0910-T139.499,,
9,13,18,82,87,385,385,1686274649,USDJPY-23JUN0910-T139.499,,
9,13,27,73,87,385,385,1686274665,USDJPY-23JUN0910-T139.499,,
9,13,20,80,87,385,385,1686274665,USDJPY-23JUN0910-T139.499,,
9,13,18,82,87,385,385,1686274665,USDJPY-23JUN0910-T139.499,,
9,12,18,82,88,385,385,1686274665,USDJPY-23JUN0910-T139.499,,
9,12,20,80,88,385,385,1686274673,USDJPY-23JUN0910-T139.499,,
9,13,20,80,87,385,385,1686274673,USDJPY-23JUN0910-T139.499,,
9,13,18,82,87,385,385,1686274673,USDJPY-23JUN0910-T139.499,,
9,12,27,73,88,385,385,1686274689,USDJPY-23JUN0910-T139.499,,
9,12,18,82,88,385,385,1686274689,USDJPY-23JUN0910-T139.499,,
9,12,26,74,88,385,385,1686274704,USDJPY-23JUN0910-T139.499,,
9,13,26,74,87,385,385,1686274704,USDJPY-23JUN0910-T139.499,,
9,13,21,79,87,385,385,1686274704,USDJPY-23JUN0910-T139.499,,
9,13,18,82,87,385,385,1686274704,USDJPY-23JUN0910-T139.499,,
9,12,27,73,88,385,385,1686274718,USDJPY-23JUN0910-T139.499,,
9,13,27,73,87,385,385,1686274720,USDJPY-23JUN0910-T139.499,,
9,13,21,79,87,385,385,1686274720,USDJPY-23JUN0910-T139.499,,
9,13,20,80,87,385,385,1686274720,USDJPY-23JUN0910-T139.499,,
9,13,18,82,87,385,385,1686274720,USDJPY-23JUN0910-T139.499,,
9,12,27,73,88,385,385,1686274736,USDJPY-23JUN0910-T139.499,,
9,12,17,83,88,385,385,1686274736,USDJPY-23JUN0910-T139.499,,
9,12,19,81,88,385,385,1686274752,USDJPY-23JUN0910-T139.499,,
9,12,20,80,88,385,385,1686274752,USDJPY-23JUN0910-T139.499,,
9,12,27,73,88,385,385,1686274752,USDJPY-23JUN0910-T139.499,,
9,12,18,82,88,385,385,1686274752,USDJPY-23JUN0910-T139.499,,
9,12,27,73,88,385,385,1686274767,USDJPY-23JUN0910-T139.499,,
9,12,17,83,88,385,385,1686274767,USDJPY-23JUN0910-T139.499,,
9,12,27,73,88,385,385,1686274783,USDJPY-23JUN0910-T139.499,,
9,12,19,81,88,385,385,1686274783,USDJPY-23JUN0910-T139.499,,
9,12,18,82,88,385,385,1686274783,USDJPY-23JUN0910-T139.499,,
9,12,16,84,88,385,385,1686274783,USDJPY-23JUN0910-T139.499,,
9,12,27,73,88,385,385,1686274799,USDJPY-23JUN0910-T139.499,,
9,12,19,81,88,385,385,1686274799,USDJPY-23JUN0910-T139.499,,
9,12,17,83,88,385,385,1686274799,USDJPY-23JUN0910-T139.499,,
9,12,27,73,88,385,385,1686274816,USDJPY-23JUN0910-T139.499,,
9,12,20,80,88,385,385,1686274816,USDJPY-23JUN0910-T139.499,,
9,12,17,83,88,385,385,1686274816,USDJPY-23JUN0910-T139.499,,
9,12,20,80,88,385,385,1686274827,USDJPY-23JUN0910-T139.499,,
9,12,18,82,88,385,385,1686274827,USDJPY-23JUN0910-T139.499,,
9,12,26,74,88,385,385,1686274845,USDJPY-23JUN0910-T139.499,,
9,12,17,83,88,385,385,1686274846,USDJPY-23JUN0910-T139.499,,
9,12,19,81,88,385,385,1686274855,USDJPY-23JUN0910-T139.499,,
9,12,20,80,88,385,385,1686274855,USDJPY-23JUN0910-T139.499,,
9,13,20,80,87,385,385,1686274855,USDJPY-23JUN0910-T139.499,,
9,13,18,82,87,385,385,1686274855,USDJPY-23JUN0910-T139.499,,
9,12,27,73,88,385,385,1686274871,USDJPY-23JUN0910-T139.499,,
9,12,18,82,88,385,385,1686274871,USDJPY-23JUN0910-T139.499,,
9,12,27,73,88,385,385,1686274889,USDJPY-23JUN0910-T139.499,,
9,12,17,83,88,385,385,1686274889,USDJPY-23JUN0910-T139.499,,
9,12,27,73,88,385,385,1686274904,USDJPY-23JUN0910-T139.499,,
9,12,20,80,88,385,385,1686274904,USDJPY-23JUN0910-T139.499,,
9,12,18,82,88,385,385,1686274904,USDJPY-23JUN0910-T139.499,,
9,12,27,73,88,385,385,1686274921,USDJPY-23JUN0910-T139.499,,
9,12,20,80,88,385,385,1686274921,USDJPY-23JUN0910-T139.499,,
9,12,17,83,88,385,385,1686274921,USDJPY-23JUN0910-T139.499,,
9,12,27,73,88,385,385,1686274938,USDJPY-23JUN0910-T139.499,,
9,12,21,79,88,385,385,1686274938,USDJPY-23JUN0910-T139.499,,
9,12,20,80,88,385,385,1686274938,USDJPY-23JUN0910-T139.499,,
9,12,18,82,88,385,385,1686274938,USDJPY-23JUN0910-T139.499,,
9,12,20,80,88,385,385,1686274946,USDJPY-23JUN0910-T139.499,,
9,12,17,83,88,385,385,1686274947,USDJPY-23JUN0910-T139.499,,
9,12,27,73,88,385,385,1686274962,USDJPY-23JUN0910-T139.499,,
9,12,19,81,88,385,385,1686274962,USDJPY-23JUN0910-T139.499,,
9,12,17,83,88,385,385,1686274962,USDJPY-23JUN0910-T139.499,,
9,13,27,73,87,385,385,1686274978,USDJPY-23JUN0910-T139.499,,
9,13,20,80,87,385,385,1686274978,USDJPY-23JUN0910-T139.499,,
9,13,18,82,87,385,385,1686274978,USDJPY-23JUN0910-T139.499,,
9,12,27,73,88,385,385,1686274994,USDJPY-23JUN0910-T139.499,,
9,12,21,79,88,385,385,1686274994,USDJPY-23JUN0910-T139.499,,
9,12,20,80,88,385,385,1686274994,USDJPY-23JUN0910-T139.499,,
9,12,18,82,88,385,385,1686274994,USDJPY-23JUN0910-T139.499,,
9,12,27,73,88,385,385,1686275012,USDJPY-23JUN0910-T139.499,,
9,13,27,73,87,385,385,1686275012,USDJPY-23JUN0910-T139.499,,
9,13,20,80,87,385,385,1686275012,USDJPY-23JUN0910-T139.499,,
9,13,18,82,87,385,385,1686275012,USDJPY-23JUN0910-T139.499,,
9,12,18,82,88,385,385,1686275021,USDJPY-23JUN0910-T139.499,,
9,12,20,80,88,385,385,1686275021,USDJPY-23JUN0910-T139.499,,
9,13,20,80,87,385,385,1686275021,USDJPY-23JUN0910-T139.499,,
9,13,18,82,87,385,385,1686275021,USDJPY-23JUN0910-T139.499,,
9,14,18,82,86,385,385,1686275030,USDJPY-23JUN0910-T139.499,,
9,14,27,73,86,385,385,1686275037,USDJPY-23JUN0910-T139.499,,
9,14,19,81,86,385,385,1686275037,USDJPY-23JUN0910-T139.499,,
9,14,28,72,86,385,385,1686275053,USDJPY-23JUN0910-T139.499,,
9,14,22,78,86,385,385,1686275053,USDJPY-23JUN0910-T139.499,,
9,14,20,80,86,385,385,1686275053,USDJPY-23JUN0910-T139.499,,
9,14,28,72,86,385,385,1686275073,USDJPY-23JUN0910-T139.499,,
9,14,22,78,86,385,385,1686275073,USDJPY-23JUN0910-T139.499,,
9,14,21,79,86,385,385,1686275073,USDJPY-23JUN0910-T139.499,,
9,14,19,81,86,385,385,1686275073,USDJPY-23JUN0910-T139.499,,
9,14,28,72,86,385,385,1686275097,USDJPY-23JUN0910-T139.499,,
9,14,21,79,86,385,385,1686275097,USDJPY-23JUN0910-T139.499,,
9,14,19,81,86,385,385,1686275097,USDJPY-23JUN0910-T139.499,,
9,12,28,72,88,385,385,1686275112,USDJPY-23JUN0910-T139.499,,
9,10,28,72,90,385,385,1686275112,USDJPY-23JUN0910-T139.499,,
9,4,28,72,96,385,385,1686275112,USDJPY-23JUN0910-T139.499,,
9,11,28,72,89,385,385,1686275113,USDJPY-23JUN0910-T139.499,,
9,13,28,72,87,385,385,1686275113,USDJPY-23JUN0910-T139.499,,
9,13,21,79,87,385,385,1686275113,USDJPY-23JUN0910-T139.499,,
9,13,19,81,87,385,385,1686275113,USDJPY-23JUN0910-T139.499,,
9,14,19,81,86,385,385,1686275114,USDJPY-23JUN0910-T139.499,,
9,14,28,72,86,385,385,1686275129,USDJPY-23JUN0910-T139.499,,
9,14,22,78,86,385,385,1686275129,USDJPY-23JUN0910-T139.499,,
9,14,21,79,86,385,385,1686275129,USDJPY-23JUN0910-T139.499,,
9,14,19,81,86,385,385,1686275129,USDJPY-23JUN0910-T139.499,,
9,12,28,72,88,385,385,1686275140,USDJPY-23JUN0910-T139.499,,
9,10,28,72,90,385,385,1686275141,USDJPY-23JUN0910-T139.499,,
9,4,28,72,96,385,385,1686275141,USDJPY-23JUN0910-T139.499,,
9,13,28,72,87,385,385,1686275142,USDJPY-23JUN0910-T139.499,,
9,13,19,81,87,385,385,1686275144,USDJPY-23JUN0910-T139.499,,
9,13,28,72,87,385,385,1686275160,USDJPY-23JUN0910-T139.499,,
9,13,21,79,87,385,385,1686275160,USDJPY-23JUN0910-T139.499,,
9,13,20,80,87,385,385,1686275160,USDJPY-23JUN0910-T139.499,,
9,13,18,82,87,385,385,1686275160,USDJPY-23JUN0910-T139.499,,
9,13,28,72,87,385,385,1686275175,USDJPY-23JUN0910-T139.499,,
9,13,27,73,87,385,385,1686275177,USDJPY-23JUN0910-T139.499,,
9,14,27,73,86,385,385,1686275177,USDJPY-23JUN0910-T139.499,,
9,14,21,79,86,385,385,1686275177,USDJPY-23JUN0910-T139.499,,
9,14,19,81,86,385,385,1686275177,USDJPY-23JUN0910-T139.499,,
9,13,28,72,87,385,385,1686275192,USDJPY-23JUN0910-T139.499,,
9,14,28,72,86,385,385,1686275192,USDJPY-23JUN0910-T139.499,,
9,14,22,78,86,385,385,1686275192,USDJPY-23JUN0910-T139.499,,
9,14,19,81,86,385,385,1686275192,USDJPY-23JUN0910-T139.499,,
9,13,19,81,87,385,385,1686275202,USDJPY-23JUN0910-T139.499,,
9,13,21,79,87,385,385,1686275202,USDJPY-23JUN0910-T139.499,,
9,13,19,81,87,385,385,1686275202,USDJPY-23JUN0910-T139.499,,
9,13,28,72,87,385,385,1686275217,USDJPY-23JUN0910-T139.499,,
9,13,21,79,87,385,385,1686275217,USDJPY-23JUN0910-T139.499,,
9,13,18,82,87,385,385,1686275217,USDJPY-23JUN0910-T139.499,,
9,13,28,72,87,385,385,1686275237,USDJPY-23JUN0910-T139.499,,
9,13,20,80,87,385,385,1686275237,USDJPY-23JUN0910-T139.499,,
9,13,18,82,87,385,385,1686275237,USDJPY-23JUN0910-T139.499,,
9,13,20,80,87,385,385,1686275246,USDJPY-23JUN0910-T139.499,,
9,13,18,82,87,385,385,1686275246,USDJPY-23JUN0910-T139.499,,
9,13,28,72,87,385,385,1686275261,USDJPY-23JUN0910-T139.499,,
9,13,20,80,87,385,385,1686275261,USDJPY-23JUN0910-T139.499,,
9,13,19,81,87,385,385,1686275261,USDJPY-23JUN0910-T139.499,,
9,13,17,83,87,385,385,1686275261,USDJPY-23JUN0910-T139.499,,
9,13,28,72,87,385,385,1686275277,USDJPY-23JUN0910-T139.499,,
9,13,20,80,87,385,385,1686275277,USDJPY-23JUN0910-T139.499,,
9,13,19,81,87,385,385,1686275277,USDJPY-23JUN0910-T139.499,,
9,13,17,83,87,385,385,1686275277,USDJPY-23JUN0910-T139.499,,
9,13,28,72,87,385,385,1686275295,USDJPY-23JUN0910-T139.499,,
9,13,21,79,87,385,385,1686275295,USDJPY-23JUN0910-T139.499,,
9,13,18,82,87,385,385,1686275295,USDJPY-23JUN0910-T139.499,,
9,13,26,74,87,385,385,1686275307,USDJPY-23JUN0910-T139.499,,
9,13,21,79,87,385,385,1686275316,USDJPY-23JUN0910-T139.499,,
9,13,18,82,87,385,385,1686275316,USDJPY-23JUN0910-T139.499,,
9,13,20,80,87,385,385,1686275325,USDJPY-23JUN0910-T139.499,,
9,13,18,82,87,385,385,1686275325,USDJPY-23JUN0910-T139.499,,
9,13,27,73,87,385,385,1686275341,USDJPY-23JUN0910-T139.499,,
9,13,20,80,87,385,385,1686275341,USDJPY-23JUN0910-T139.499,,
9,13,18,82,87,385,385,1686275342,USDJPY-23JUN0910-T139.499,,
9,13,27,73,87,385,385,1686275361,USDJPY-23JUN0910-T139.499,,
9,13,21,79,87,385,385,1686275361,USDJPY-23JUN0910-T139.499,,
9,13,20,80,87,385,385,1686275361,USDJPY-23JUN0910-T139.499,,
9,13,18,82,87,385,385,1686275361,USDJPY-23JUN0910-T139.499,,
9,13,20,80,87,385,385,1686275370,USDJPY-23JUN0910-T139.499,,
9,13,18,82,87,385,385,1686275370,USDJPY-23JUN0910-T139.499,,
9,13,27,73,87,385,385,1686275385,USDJPY-23JUN0910-T139.499,,
9,13,18,82,87,385,385,1686275387,USDJPY-23JUN0910-T139.499,,
9,13,27,73,87,385,385,1686275403,USDJPY-23JUN0910-T139.499,,
9,13,21,79,87,385,385,1686275404,USDJPY-23JUN0910-T139.499,,
9,13,20,80,87,385,385,1686275404,USDJPY-23JUN0910-T139.499,,
9,13,18,82,87,385,385,1686275404,USDJPY-23JUN0910-T139.499,,
9,13,27,73,87,385,385,1686275429,USDJPY-23JUN0910-T139.499,,
9,14,27,73,86,385,385,1686275429,USDJPY-23JUN0910-T139.499,,
9,14,21,79,86,385,385,1686275429,USDJPY-23JUN0910-T139.499,,
9,14,19,81,86,385,385,1686275429,USDJPY-23JUN0910-T139.499,,
9,13,27,73,87,385,385,1686275444,USDJPY-23JUN0910-T139.499,,
9,14,27,73,86,385,385,1686275444,USDJPY-23JUN0910-T139.499,,
9,14,22,78,86,385,385,1686275444,USDJPY-23JUN0910-T139.499,,
9,14,21,79,86,385,385,1686275444,USDJPY-23JUN0910-T139.499,,
9,14,19,81,86,385,385,1686275444,USDJPY-23JUN0910-T139.499,,
9,13,27,73,87,385,385,1686275456,USDJPY-23JUN0910-T139.499,,
9,15,27,73,85,385,385,1686275462,USDJPY-23JUN0910-T139.499,,
9,15,20,80,85,385,385,1686275462,USDJPY-23JUN0910-T139.499,,
9,13,29,71,87,385,385,1686275479,USDJPY-23JUN0910-T139.499,,
9,15,29,71,85,385,385,1686275480,USDJPY-23JUN0910-T139.499,,
9,15,22,78,85,385,385,1686275480,USDJPY-23JUN0910-T139.499,,
9,15,20,80,85,385,385,1686275480,USDJPY-23JUN0910-T139.499,,
9,13,20,80,87,385,385,1686275488,USDJPY-23JUN0910-T139.499,,
9,13,22,78,87,385,385,1686275488,USDJPY-23JUN0910-T139.499,,
9,15,22,78,85,385,385,1686275489,USDJPY-23JUN0910-T139.499,,
9,15,20,80,85,385,385,1686275489,USDJPY-23JUN0910-T139.499,,
9,13,29,71,87,385,385,1686275505,USDJPY-23JUN0910-T139.499,,
9,15,29,71,85,385,385,1686275505,USDJPY-23JUN0910-T139.499,,
9,15,23,77,85,385,385,1686275505,USDJPY-23JUN0910-T139.499,,
9,15,22,78,85,385,385,1686275505,USDJPY-23JUN0910-T139.499,,
9,15,20,80,85,385,385,1686275505,USDJPY-23JUN0910-T139.499,,
9,16,20,80,84,385,385,1686275507,USDJPY-23JUN0910-T139.499,,
9,16,29,71,84,385,385,1686275522,USDJPY-23JUN0910-T139.499,,
9,16,20,80,84,385,385,1686275522,USDJPY-23JUN0910-T139.499,,
9,16,99,1,84,385,385,1686275534,USDJPY-23JUN0910-T139.499,,
9,16,30,70,84,385,385,1686275534,USDJPY-23JUN0910-T139.499,,
9,16,26,74,84,385,385,1686275545,USDJPY-23JUN0910-T139.499,,
9,16,22,78,84,385,385,1686275545,USDJPY-23JUN0910-T139.499,,
9,16,24,76,84,385,385,1686275554,USDJPY-23JUN0910-T139.499,,
9,17,24,76,83,385,385,1686275554,USDJPY-23JUN0910-T139.499,,
9,17,22,78,83,385,385,1686275554,USDJPY-23JUN0910-T139.499,,
9,16,31,69,84,385,385,1686275569,USDJPY-23JUN0910-T139.499,,
9,17,31,69,83,385,385,1686275569,USDJPY-23JUN0910-T139.499,,
9,17,26,74,83,385,385,1686275569,USDJPY-23JUN0910-T139.499,,
9,17,24,76,83,385,385,1686275569,USDJPY-23JUN0910-T139.499,,
9,17,22,78,83,385,385,1686275569,USDJPY-23JUN0910-T139.499,,
9,16,22,78,84,385,385,1686275578,USDJPY-23JUN0910-T139.499,,
9,16,31,69,84,385,385,1686275578,USDJPY-23JUN0910-T139.499,,
9,18,31,69,82,385,385,1686275578,USDJPY-23JUN0910-T139.499,,
9,18,25,75,82,385,385,1686275578,USDJPY-23JUN0910-T139.499,,
9,18,23,77,82,385,385,1686275578,USDJPY-23JUN0910-T139.499,,
9,16,31,69,84,385,385,1686275594,USDJPY-23JUN0910-T139.499,,
9,17,31,69,83,385,385,1686275594,USDJPY-23JUN0910-T139.499,,
9,17,22,78,83,385,385,1686275594,USDJPY-23JUN0910-T139.499,,
9,18,31,69,82,385,385,1686275610,USDJPY-23JUN0910-T139.499,,
9,18,27,73,82,385,385,1686275610,USDJPY-23JUN0910-T139.499,,
9,18,25,75,82,385,385,1686275610,USDJPY-23JUN0910-T139.499,,
9,18,23,77,82,385,385,1686275610,USDJPY-23JUN0910-T139.499,,
9,16,31,69,84,385,385,1686275627,USDJPY-23JUN0910-T139.499,,
9,18,31,69,82,385,385,1686275627,USDJPY-23JUN0910-T139.499,,
9,18,26,74,82,385,385,1686275627,USDJPY-23JUN0910-T139.499,,
9,18,24,76,82,385,385,1686275627,USDJPY-23JUN0910-T139.499,,
9,19,24,76,81,385,385,1686275629,USDJPY-23JUN0910-T139.499,,
9,17,31,69,83,385,385,1686275641,USDJPY-23JUN0910-T139.499,,
9,16,31,69,84,385,385,1686275641,USDJPY-23JUN0910-T139.499,,
9,18,31,69,82,385,385,1686275643,USDJPY-23JUN0910-T139.499,,
9,18,28,72,82,385,385,1686275643,USDJPY-23JUN0910-T139.499,,
9,18,24,76,82,385,385,1686275643,USDJPY-23JUN0910-T139.499,,
9,18,31,69,82,385,385,1686275660,USDJPY-23JUN0910-T139.499,,
9,18,27,73,82,385,385,1686275661,USDJPY-23JUN0910-T139.499,,
9,18,23,77,82,385,385,1686275661,USDJPY-23JUN0910-T139.499,,
9,18,25,75,82,385,385,1686275669,USDJPY-23JUN0910-T139.499,,
9,18,23,77,82,385,385,1686275669,USDJPY-23JUN0910-T139.499,,
9,18,31,69,82,385,385,1686275684,USDJPY-23JUN0910-T139.499,,
9,18,25,75,82,385,385,1686275684,USDJPY-23JUN0910-T139.499,,
9,18,23,77,82,385,385,1686275685,USDJPY-23JUN0910-T139.499,,
9,18,32,68,82,385,385,1686275701,USDJPY-23JUN0910-T139.499,,
9,19,32,68,81,385,385,1686275701,USDJPY-23JUN0910-T139.499,,
9,19,28,72,81,385,385,1686275701,USDJPY-23JUN0910-T139.499,,
9,19,26,74,81,385,385,1686275701,USDJPY-23JUN0910-T139.499,,
9,19,24,76,81,385,385,1686275701,USDJPY-23JUN0910-T139.499,,
9,19,32,68,81,385,385,1686275718,USDJPY-23JUN0910-T139.499,,
9,19,26,74,81,385,385,1686275718,USDJPY-23JUN0910-T139.499,,
9,19,24,76,81,385,385,1686275718,USDJPY-23JUN0910-T139.499,,
9,20,33,67,80,385,385,1686275734,USDJPY-23JUN0910-T139.499,,
9,20,27,73,80,385,385,1686275734,USDJPY-23JUN0910-T139.499,,
9,20,25,75,80,385,385,1686275734,USDJPY-23JUN0910-T139.499,,
9,19,33,67,81,385,385,1686275749,USDJPY-23JUN0910-T139.499,,
9,19,29,71,81,385,385,1686275750,USDJPY-23JUN0910-T139.499,,
9,19,27,73,81,385,385,1686275750,USDJPY-23JUN0910-T139.499,,
9,19,25,75,81,385,385,1686275750,USDJPY-23JUN0910-T139.499,,
9,21,33,67,79,385,385,1686275765,USDJPY-23JUN0910-T139.499,,
9,21,27,73,79,385,385,1686275766,USDJPY-23JUN0910-T139.499,,
9,21,25,75,79,385,385,1686275766,USDJPY-23JUN0910-T139.499,,
9,20,25,75,80,385,385,1686275771,USDJPY-23JUN0910-T139.499,,
9,20,33,67,80,385,385,1686275778,USDJPY-23JUN0910-T139.499,,
9,20,25,75,80,385,385,1686275778,USDJPY-23JUN0910-T139.499,,
9,20,33,67,80,385,385,1686275798,USDJPY-23JUN0910-T139.499,,
9,20,29,71,80,385,385,1686275798,USDJPY-23JUN0910-T139.499,,
9,20,25,75,80,385,385,1686275798,USDJPY-23JUN0910-T139.499,,
9,20,27,73,80,385,385,1686275806,USDJPY-23JUN0910-T139.499,,
9,20,25,75,80,385,385,1686275806,USDJPY-23JUN0910-T139.499,,
9,20,35,65,80,385,385,1686275821,USDJPY-23JUN0910-T139.499,,
9,20,37,63,80,385,385,1686275821,USDJPY-23JUN0910-T139.499,,
9,20,100,0,80,385,385,1686275821,USDJPY-23JUN0910-T139.499,,
9,20,99,1,80,385,385,1686275821,USDJPY-23JUN0910-T139.499,,
9,20,100,0,80,385,385,1686275822,USDJPY-23JUN0910-T139.499,,
9,20,99,1,80,385,385,1686275822,USDJPY-23JUN0910-T139.499,,
9,21,99,1,79,385,385,1686275823,USDJPY-23JUN0910-T139.499,,
9,21,26,74,79,385,385,1686275823,USDJPY-23JUN0910-T139.499,,
9,21,33,67,79,385,385,1686275839,USDJPY-23JUN0910-T139.499,,
9,21,28,72,79,385,385,1686275839,USDJPY-23JUN0910-T139.499,,
9,21,26,74,79,385,385,1686275839,USDJPY-23JUN0910-T139.499,,
9,20,33,67,80,385,385,1686275855,USDJPY-23JUN0910-T139.499,,
9,20,25,75,80,385,385,1686275855,USDJPY-23JUN0910-T139.499,,
9,19,25,75,81,385,385,1686275864,USDJPY-23JUN0910-T139.499,,
9,19,27,73,81,385,385,1686275864,USDJPY-23JUN0910-T139.499,,
9,19,29,71,81,385,385,1686275864,USDJPY-23JUN0910-T139.499,,
9,19,33,67,81,385,385,1686275864,USDJPY-23JUN0910-T139.499,,
9,19,24,76,81,385,385,1686275864,USDJPY-23JUN0910-T139.499,,
9,20,33,67,80,385,385,1686275881,USDJPY-23JUN0910-T139.499,,
9,20,29,71,80,385,385,1686275881,USDJPY-23JUN0910-T139.499,,
9,20,25,75,80,385,385,1686275881,USDJPY-23JUN0910-T139.499,,
9,19,25,75,81,385,385,1686275890,USDJPY-23JUN0910-T139.499,,
9,19,27,73,81,385,385,1686275890,USDJPY-23JUN0910-T139.499,,
9,19,29,71,81,385,385,1686275890,USDJPY-23JUN0910-T139.499,,
9,19,33,67,81,385,385,1686275890,USDJPY-23JUN0910-T139.499,,
9,19,28,72,81,385,385,1686275890,USDJPY-23JUN0910-T139.499,,
9,19,24,76,81,385,385,1686275890,USDJPY-23JUN0910-T139.499,,
9,19,33,67,81,385,385,1686275906,USDJPY-23JUN0910-T139.499,,
9,19,26,74,81,385,385,1686275906,USDJPY-23JUN0910-T139.499,,
9,19,24,76,81,385,385,1686275906,USDJPY-23JUN0910-T139.499,,
9,19,33,67,81,385,385,1686275922,USDJPY-23JUN0910-T139.499,,
9,19,26,74,81,385,385,1686275923,USDJPY-23JUN0910-T139.499,,
9,19,24,76,81,385,385,1686275923,USDJPY-23JUN0910-T139.499,,
9,19,33,67,81,385,385,1686275938,USDJPY-23JUN0910-T139.499,,
9,19,24,76,81,385,385,1686275938,USDJPY-23JUN0910-T139.499,,
9,18,24,76,82,385,385,1686275944,USDJPY-23JUN0910-T139.499,,
9,19,31,69,81,385,385,1686275954,USDJPY-23JUN0910-T139.499,,
9,19,33,67,81,385,385,1686275954,USDJPY-23JUN0910-T139.499,,
9,19,32,68,81,385,385,1686275956,USDJPY-23JUN0910-T139.499,,
9,17,32,68,83,385,385,1686275959,USDJPY-23JUN0910-T139.499,,
9,15,32,68,85,385,385,1686275959,USDJPY-23JUN0910-T139.499,,
9,4,32,68,96,385,385,1686275959,USDJPY-23JUN0910-T139.499,,
9,19,32,68,81,385,385,1686275961,USDJPY-23JUN0910-T139.499,,
9,17,32,68,83,385,385,1686275965,USDJPY-23JUN0910-T139.499,,
9,15,32,68,85,385,385,1686275965,USDJPY-23JUN0910-T139.499,,
9,4,32,68,96,385,385,1686275965,USDJPY-23JUN0910-T139.499,,
9,19,32,68,81,385,385,1686275970,USDJPY-23JUN0910-T139.499,,
9,17,32,68,83,385,385,1686275972,USDJPY-23JUN0910-T139.499,,
9,15,32,68,85,385,385,1686275972,USDJPY-23JUN0910-T139.499,,
9,4,32,68,96,385,385,1686275972,USDJPY-23JUN0910-T139.499,,
9,19,32,68,81,385,385,1686275981,USDJPY-23JUN0910-T139.499,,
9,17,32,68,83,385,385,1686275989,USDJPY-23JUN0910-T139.499,,
9,15,32,68,85,385,385,1686275989,USDJPY-23JUN0910-T139.499,,
9,4,32,68,96,385,385,1686275989,USDJPY-23JUN0910-T139.499,,
9,19,32,68,81,385,385,1686275991,USDJPY-23JUN0910-T139.499,,
9,17,32,68,83,385,385,1686276000,USDJPY-23JUN0910-T139.499,,
9,15,32,68,85,385,385,1686276000,USDJPY-23JUN0910-T139.499,,
9,4,32,68,96,385,385,1686276000,USDJPY-23JUN0910-T139.499,,
9,4,99,1,96,385,385,1686312116,USDJPY-23JUN0910-T139.499,,
9,20,99,1,80,385,385,1686312116,USDJPY-23JUN0910-T139.499,,
9,20,27,73,80,385,385,1686312116,USDJPY-23JUN0910-T139.499,,
9,18,100,0,82,385,385,1686312135,USDJPY-23JUN0910-T139.499,,
9,20,100,0,80,385,385,1686312135,USDJPY-23JUN0910-T139.499,,
9,20,29,71,80,385,385,1686312135,USDJPY-23JUN0910-T139.499,,
9,20,27,73,80,385,385,1686312135,USDJPY-23JUN0910-T139.499,,
9,18,27,73,82,385,385,1686312144,USDJPY-23JUN0910-T139.499,,
